2386 3758
483 213 710 284 scamnis.
1054 239 1089 292 ao
1128 284 1134 296 ,

90 381 138 460 An
157 394 194 444 ut
216 391 357 443 matrona
377 392 486 442 ornata
504 377 644 474 phaleris
664 378 797 462 pelagiis
1047 401 1084 445 ιο

90 464 196 523 Tollat
214 462 314 543 pedes
333 459 484 523 indomita
504 483 536 521 an
556 470 657 520 strato
679 456 853 522 extraneo?

90 540 295 623 smaragdum
319 541 358 600 acl
379 562 474 624 quam
494 560 564 601 rem
583 539 737 617 viridem,
757 539 934 623 pretiosum
948 537 1087 602 vitrum?

90 621 164 764 311⁰
185 620 420 684 Carchedonios
442 631 533 702 optas
552 619 641 700 ignes
661 620 822 702 lapideos,

121 703 159 762 isi
174 713 211 763 ut
232 698 425 762 scintillent?
445 699 596 762 Probitas
617 711 666 762 est
686 699 908 761 carbunculus.

91 784 236 865 Aequum
255 793 304 843 est
326 781 611 873 induera'uuptam
629 791 761 842 ventum
780 776 946 849 textilem?
1048 779 1087 844 15

91 863 199 924 Palam
217 873 366 946 prostare
384 860 501 923 nudam
520 881 554 921 m
572 860 689 923 nebula
708 858 815 923 lino&

106 1015 279 1028 -ᾘ

92 1103 219 1155 coniecit:
239 1102 481 1171 Quomurgun'tne
499 1103 584 1154 bucca
603 1103 708 1155 tricutu
726 1100 860 1154 Indicae?
884 1112 911 1155 et
928 1119 978 1173 per
994 1104 1084 1154 tricu-

93 1183 134 1223 ιω
156 1171 253 1222 baccus
270 1171 384 1236 intelligi
403 1172 488 1222 voluit
523 1183 634 1224 ertnsns
650 1183 676 1223 et
696 1172 726 1221 in
747 1171 844 1221 lineum
863 1170 1000 1225 reductas.
1035 1169 1089 1223 Sed

91 1247 181 1290 matur
199 1240 329 1291 Antonius
355 1238 482 1290 codicum
498 1189 660 1305 linctionem,
688 1239 838 1292 tribnccam
861 1241 996 1308 explicans
1011 1235 1108 1290 inau·'

90 1323 147 1359 rem
165 1307 249 1358 tribus
267 1307 412 1358 unionibus
430 1316 618 1374 constantem,
644 1309 746 1376 quade
764 1324 794 1360 ra
812 1306 904 1358 laudat
921 1307 1001 1359 Plinii
1024 1307 1089 1358 ssiu.

90 1377 204 1426 natural.
224 1377 256 1441 X,
274 1377 316 1426 35.
333 1402 367 1415 -
383 1392 407 1425 v.
428 1373 467 1442 sl.
486 1375 564 1427 Both.
579 1385 643 1444 post
666 1376 854 1427 carbunculus
875 1377 978 1442 signnm
1004 1375 1088 1426 inter·

89 1445 238 1511 rogationis
255 1443 338 1494 addit.
355 1470 389 1482 -
407 1461 430 1493 v.
451 1445 491 1495 16.
510 1443 610 1495 nebula
628 1445 702 1495 linea
721 1444 808 1496 codex
830 1444 948 1496 Petronii
970 1443 1040 1493 Scali
1059 1459 1087 1494 e·

89 1525 185 1574 ranus;
204 1509 252 1562 aad
267 1513 295 1562 in
312 1513 428 1578 margine
446 1529 479 1564 ex
496 1514 551 1564 alio
570 1521 659 1565 vetere
677 1512 776 1566 codice
792 1521 904 1566 notatur
920 1509 1020 1564 nebula
1042 1460 1087 1562 lu·

91 1597 159 1643 nuc,
171 1580 244 1632 sorta
261 1596 311 1651 pro
327 1580 420 1636 tamn.
