2386 3758
157 780 194 840 f>
339 730 655 827 camunti
694 733 837 820 Maur

405 878 776 1010 PROLOGUS

561 1105 618 1165 ET

128 1257 629 1381 FRAGMENTA
669 1256 1053 1379 MORALIA
1141 1307 1144 1317 ·

501 1477 680 1495 ῃ..-

170 1603 266 1669 Natus
288 1615 337 1667 est
355 1606 506 1670 Decimus
529 1608 684 1680 Laberius
706 1629 806 1697 eques
825 1611 985 1671 Romanus
1006 1625 1086 1671 anuo
1172 1656 1175 1665 .

91 1701 122 1765 u.
144 1702 171 1745 c.
192 1682 273 1759 647,
296 1697 332 1745 ut
351 1686 425 1748 inde
446 1688 565 1772 liquet,
613 1692 679 1753 uod
705 1690 776 1773 ipse
801 1689 832 1749 in
862 1690 997 1772 prologo
1026 1685 1090 1750 exi·
1115 1731 1118 1738 -

91 1760 167 1838 mic,
191 1783 287 1846 quem
307 1768 487 1834 Macrobius
518 1713 640 1832 Sattil.
666 1792 696 1852 7.
723 1769 878 1834 servavit.
899 1789 934 1829 se
957 1792 985 1831 a.
1008 1789 1042 1830 u.
1062 1787 1090 1827 c.

90 1844 161 1917 705.
182 1847 411 1928 sexagesimum
432 1861 578 1930 agentem
597 1871 711 1911 annum
737 1849 825 1922 iussu
854 1848 924 1914 lulii
948 1846 1092 1914 Caesaris

91 1920 123 1981 in
147 1943 273 1987 scenam
296 1927 498 1997 descendisse
519 1927 697 2009 profitetur.
722 1928 859 1993 Videtur
879 1927 916 1988 iis
936 1924 1092 1996 nobilium

91 2002 308 2071 Romanorum
328 2007 538 2088 scriptoribus
563 2006 776 2081 accensendus
797 2009 887 2081 esse,
922 2025 1002 2089 quos
1023 2005 1091 2067 sola

91 2081 253 2154 Musarum
281 2087 451 2148 delectatio
479 2087 519 2146 ad
546 2087 647 2147 otium
672 2085 847 2147 literarium
875 2097 908 2146 et
931 2084 1092 2147 scribendi

92 2162 230 2233 studium
250 2166 384 2246 impulit.
414 2165 643 2245 Occupabatur
665 2165 764 2247 igitur
785 2163 959 2237 scribendis
978 2164 1091 2241 illimis,

92 2263 174 2301 (uos
217 2243 421 2310 histrionibus
464 2264 573 2306 coram
597 2245 729 2328 'populo
758 2244 898 2328 agendos
937 2243 1091 2318 traderet,

91 2264 193 2383 ilalde
214 2324 345 2391 mordax
370 2324 401 2383 in
428 2323 476 2384 his
527 2323 633 2386 ubliea
659 2336 701 2388 'et
721 2324 847 2407 privata
874 2326 1091 2399 Romanorum

94 2402 168 2471 vitia
194 2403 376 2485 redarguit,
404 2416 440 2463 ut
463 2345 536 2473 incia
563 2404 687 2504 pudere
714 2410 747 2467 et
772 2404 966 2475 erubescere
990 2404 1091 2466 disce·

91 2495 179 2543 rent:
215 2504 308 2565 quam
336 2482 534 2546 dicacitatem
560 2485 682 2569 pariter
708 2497 739 2546 at
787 2505 805 2546 e
840 2484 1092 2555 obscoenitatem

114 2562 263 2644 raecipue
284 2563 392 2631 verbis
412 2561 565 2646 ambiguis
587 2565 743 2660 captabat,
786 2564 969 2648 omponium
988 2564 1099 2635 Attel·'

90 2581 232 2702 laurarum
252 2644 441 2736 scriptorem
461 2655 607 2713 sectatus.
651 2647 800 2708 Attamen
826 2645 1000 2728 praeclaris
1022 2654 1091 2712 erat

91 2722 244 2796 moribus,
266 2734 299 2784 et
316 2724 443 2806 ingenio
456 2723 590 2803 urbano,
611 2725 699 2809 quod
719 2745 759 2802 eu
779 2724 987 2810 sequentibus
1001 2734 1091 2807 pate·

91 2799 148 2873 bia.
187 2803 285 2863 Natus
316 2803 378 2866 iam
408 2804 568 2888 sexaginta
597 2818 711 2879 annus,
741 2823 814 2865 cum
839 2805 936 2865 lulius
963 2805 1091 2880 Caesar,

91 2882 308 2946 Romanorum
328 2882 446 2957 ammos
466 2884 554 2959 bello
579 2884 664 2947 civili
685 2881 837 2953 efferatos
856 2897 894 2947 ut
911 2884 1091 2972 permulce-

91 2973 143 3026 ret
164 2974 196 3020 et
219 2960 377 3044 obsequio
400 2964 633 3041 assuefaceret,
657 2963 737 3025 varii
785 2965 888 3032 eneris
908 2961 1091 3054 spectacula

94 3051 126 3100 ct
146 3040 238 3109 ludos
258 3061 318 3122 per
340 3063 448 3114 amires
467 3043 557 3122 urbis
576 3043 724 3127 regiones
745 2984 876 3116 ederet:
909 3042 1023 3115 iubos
1043 3040 1092 3099 lu·

93 3120 208 3190 dorum
228 3121 428 3194 scenicorum
449 3133 612 3205 apparatu,
632 3135 669 3185 ut
691 3125 786 3203 omni,
806 3146 872 3208 quo
892 3121 963 3184 fieri
981 3130 1092 3203 posset

92 3201 204 3275 modo,
239 3200 310 3267 illos
337 3201 492 3265 redderet
525 3201 733 3281 illustriores,
758 3225 886 3279 omnes,
925 3198 981 3284 qui
1013 3210 1091 3260 tuno

92 3279 209 3361 scripta
237 3292 269 3350 et
296 3301 427 3363 operam
455 3304 542 3347 suam
573 3303 687 3363 scenae
710 3284 909 3366 locaverunt,
930 3278 1089 3385 pOttutiii
1116 3344 1119 3353 .
