2386 3758
166 213 197 263 m
313 184 316 189 '
596 202 626 250 r.
645 202 718 252 sun

164 349 325 413 Pereundi
346 351 427 412 seire
448 343 573 429 tempus
599 349 722 411 assidue
749 361 798 411 cst
817 349 909 411 mori.

164 431 323 493 Perfacile
344 430 432 504 felix,
477 427 542 490 uod
562 429 779 506 facit,¹votum
797 430 956 512 impetrat.
1097 428 1158 506 640

164 512 347 606 Perl'ugere
368 510 408 570 ad
427 451 612 575 inleriorem
632 509 771 591 seipsum
793 523 842 573 est
861 508 1004 573 tradere.
1085 535 1088 539 ·
1135 565 1139 577 ‚
1180 550 1183 557 ·

166 591 330 658 *Pertela
349 590 476 654 timidus
499 588 608 665 etiam,
629 611 710 675 quae
732 613 795 655 non
815 602 897 669 suut,
916 587 1016 656 ridet.
1048 626 1052 633 ·
1108 621 1111 630 ⁴

165 675 329 755 Perpetuo
349 670 457 750 vincit,
479 669 534 755 qui
555 672 654 732 utitur
675 671 853 734 elementia.
879 738 882 745 ¹
984 687 986 691 ·
1037 698 1040 707 ·

163 754 229 830 Per
251 772 332 835 quae
353 751 395 812 sis
416 764 513 825 tutus,
536 746 588 812 illa
608 771 736 833 semper
757 751 889 833 cogites.

119 893 121 897 ,
163 836 337 896 Personam
356 829 461 894 fictam
480 831 570 892 ferre
593 828 648 891 diu
668 852 760 895 nomo
784 842 901 913 potest.
1042 899 1045 907 ,
1083 831 1159 909 ,645

164 915 281 995 Pipere
303 913 357 996 qui
379 913 526 987 abundat,
549 911 688 972 cleribus
709 912 820 976 miscet
833 908 943 994 piper.
964 917 974 932 ‘
1086 930 1090 935 ·

164 994 284 1072 Pirum,
305 1015 376 1056 non·
387 994 519 1067 ulmum,
539 991 680 1070 accedas,
703 992 729 1051 si
750 993 857 1073 cupias
877 993 977 1075 pira'

151 1075 297 1135 ⁴Placere
320 1072 427 1143 multis
448 1091 527 1151 epus
549 1083 597 1133 est
617 1070 849 1136 difficillimum.
930 1141 932 1147 ¹

130 1187 133 1191 <
163 1154 314 1237 Plerique
335 1163 423 1212 metu
442 1150 530 1225 boui,
553 1170 615 1212 non
635 1149 822 1216 innocentia.
1098 1190 1101 1194 -

104 1246 131 1302 ff
164 1235 359 1315 Plerumque
379 1231 513 1296 similem
533 1227 620 1290 dtcit
637 1228 677 1293 ad
694 1231 828 1292 similem
850 1230 938 1300 deus.
1019 1285 1021 1288 <
1092 1231 1157 1297 650

163 1316 280 1375 Plures
301 1311 380 1393 tegit
400 1310 540 1369 Fortuna
561 1331 655 1394 quam
674 1322 761 1374 tutos
782 1310 869 1377 facit.

163 1395 240 1453 Plus
263 1404 322 1466 est,
346 1409 440 1472 quam
460 1409 593 1470 poenae,
615 1389 745 1456 iniuriae
766 1394 987 1459 succumbere.
1167 1463 1175 1476 ,

164 1473 241 1531 Plus
263 1484 311 1531 est
332 1490 427 1553 quam
447 1490 549 1551 poene
573 1471 638 1535 sine
658 1493 696 1533 re
716 1471 866 1535 miserum
886 1477 1006 1538 vivere.
1028 1472 1047 1515 Ι
1131 1477 1153 1521 ’-

111 1616 114 1625 ,
164 1552 241 1629 Plus
264 1550 295 1609 in
315 1548 484 1617 maledicto
506 1574 600 1634 quam
620 1550 652 1611 in
672 1575 764 1618 manu
785 1566 834 1614 est
853 1555 995 1620 iniuriae.

109 1680 113 1689 .
163 1632 271 1691 Poena
291 1629 330 1689 ad
352 1630 465 1695 malum
487 1653 628 1715 serpens,
646 1646 683 1694 ut
703 1645 858 1716 proterat,
878 1636 979 1700 venit.
1017 1684 1021 1688 .
1096 1632 1175 1715 655·

107 1754 110 1759 .
163 1712 272 1770 Poena
294 1710 448 1773 allevatur
469 1725 555 1789 tunc,
579 1712 634 1775 ubi
656 1714 779 1777 laxatur
800 1713 904 1776 dolor.
946 1720 953 1735 ¹
1150 1740 1171 1785 .'

90 1796 104 1811 ·’
163 1792 303 1852 Poenam
323 1803 465 1859 moratur
485 1793 661 1887 improbus,
684 1791 931 1876 non‘praeterit.
979 1815 1018 1851 ἰ
1068 1818 1115 1873 ιχ·
1140 1807 1180 1855 1.

67 1897 69 1901 ·
111 1868 120 1928 '.
163 1870 320 1953 *Populi
341 1885 390 1934 est
410 1874 607 1955 mancipium,
628 1873 771 1957 quisquis
790 1874 911 1955 patriae
932 1886 982 1936 est
999 1874 1097 1944 utilis.
1139 1869 1176 1917 '⁶

163 1950 181 1988 Ι
201 1954 279 2023 Post
300 1951 679 2015 calamitatemmentoria
702 1954 760 2012 alia
781 1965 829 2014 est
849 1954 1016 2021 calamitas.
1065 1949 1096 1986 ⁴⁴
1158 1952 1161 1960 ’

163 2031 180 2069 ³⁸
204 2035 322 2093 Potens
343 2031 522 2095 misericors
544 2031 671 2112 publica
692 2033 896 2100 cstl'elieitas.
927 2055 929 2061 ⁸
1097 2033 1160 2104 66⁰
1185 2066 1188 2072 ·

163 2111 180 2147 *
201 2113 330 2177 Potenti
351 2111 443 2170 irasci
466 2109 524 2169 sibi
544 2111 702 2192 periclum
721 2126 769 2175 est
791 2135 958 2196 quaerere.

118 2205 139 2255 d
162 2194 357 2255 Potestatern
378 2189 504 2273 adversi
523 2190 608 2252 haud
628 2191 724 2254 habet
745 2193 890 2261 felicitas.
992 2228 998 2246 ι

72 2320 73 2323 ,
110 2324 113 2329 ,
162 2274 320 2333 Praesens
343 2281 391 2335 est
411 2290 547 2351 semper,
569 2270 623 2354 qui
644 2272 756 2334 absens
776 2275 871 2356 etiam
890 2273 1091 2343 ulciscitur..
1123 2279 1131 2307 ’·

91 2421 95 2431 ι
163 2355 333 2415 Praestare
354 2350 503 2413 invidiam
528 2350 600 2411 dico
621 2351 869 2431 misericordiae.
1029 2344 1035 2368 ¹
1069 2380 1091 2425 ,·

149 2431 284 2495 'Prioris
305 2438 354 2496 e'st
376 2430 547 2511 discipulus
568 2433 727 2512 posterior
749 2434 825 2496 dics.
982 2501 985 2509 ,
1095 2422 1189 2501 663³

94 2568 97 2574 .
162 2512 180 2548 Ι
201 2512 294 2571 Prius
315 2521 463 2592 negatum
484 2523 558 2591 post
577 2509 764 2574 fecisse'est
784 2512 910 2580 fallere.
979 2566 984 2576 .
1032 2564 1039 2578 .
1099 2555 1139 2578 -.

161 2593 256 2652 Prius
281 2611 387 2663 ovem,
408 2590 516 2668 credo,
537 2591 634 2655 ducet
655 2614 788 2655 uxorem
809 2594 914 2675 lupus.

160 2668 258 2745 Prius
274 2670 403 2735 testudo
428 2670 555 2755 lepores
577 2674 798 2740 anteverterit.

121 2778 128 2820 ·;
161 2752 287 2821 Probae
310 2749 459 2813 materiae
481 2751 602 2833 probus
615 2765 672 2819 ,est
694 2752 889 2824 adhibendus
913 2753 1016 2823 faber.

161 2831 270 2898 Probo
292 2828 376 2897 bona
395 2830 480 2897 fama
499 2833 632 2899 maxima
655 2844 703 2899 est
720 2831 892 2900 hereditas.
957 2851 966 2857 ·
1092 2846 1153 2922 ⁶7⁰

164 2989 265 2998 ------
267 2988 361 2997 —-.

162 3073 184 3104 v.
202 3051 261 3117 645.
280 3051 370 3105 Elusd.
387 3082 417 3090 —-
436 3070 458 3103 v.
477 3052 537 3107 cto.
555 3051 594 3105 Ex
611 3051 753 3119 proverbio
771 3068 867 3118 graeco
886 3065 1031 3120 expressus.
1053 3043 1164 3105 Esseni.-

162 3123 245 3183 Adrg.
264 3121 310 3183 111,
328 3124 353 3184 3,
371 3125 453 3175 37.-
472 3138 494 3170 v.
512 3116 572 3184 647.
590 3119 638 3171 Ed.
660 3119 737 3173 Both.
757 3129 787 3170 ut
804 3129 861 3189 seq.
880 3136 945 3175 vere.
965 3127 992 3174 et
1010 3135 1075 3177 vers.
1090 3122 1155 3172 650.

163 3208 191 3240 er
212 3190 352 3241 llornerica
369 3189 499 3239 sententia
518 3203 655 3260 expressus
674 3188 768 3257 Odyss.
786 3190 871 3253 XVII,
891 3188 949 3242 218.
985 3214 1017 3222 -
1049 3207 1072 3240 v.
1093 3190 1156 3241 651:

161 3257 239 3309 Both.
257 3259 321 3324 tagit
340 3258 466 3308 Fortuna
486 3259 503 3306 i.
522 3275 544 3307 c.
564 3257 645 3323 eligit,
664 3274 731 3329 quos
749 3258 887 3327 provehat.
906 3286 939 3297 -
957 3275 979 3306 v.
998 3255 1058 3309 652:
1076 3257 1155 3325 Vulg.

163 3343 244 3393 quum
253 3342 351 3394 pecua.
369 3351 402 3364 -
419 3343 442 3377 v.
460 3322 519 3391 664.
538 3323 586 3376 Ed·
606 3325 683 3381 Both·
700 3334 730 3382 ul
748 3328 829 3381 ellam
847 3344 871 3381 v·
889 3326 950 3393 667..
970 3324 1157 3405 &affirm
1177 3380 1180 3387 ,
