2386 3758
180 241 230 295 tto
249 287 254 296 .
387 227 504 284 caetu
523 224 687 279 smosfl
705 221 924 276 AENIGMATA.

177 383 310 446 Viscera
330 391 397 441 tota
420 386 542 438 tument
562 373 677 456 patulis
695 369 810 432 diffusa
832 366 1006 441 cavernis,

177 467 263 525 intus
285 459 410 544 lympha
429 458 518 536 latet,
538 455 595 518 sed
615 474 678 515 non
699 472 735 512 se
755 462 869 532 sponte
889 446 1068 532 profundit.

625 567 735 631 LXIII.
953 567 970 611 Ι

178 692 260 750 Tres
282 683 358 748 milii
378 692 450 744 sunt
470 680 592 757 dentes,
611 700 692 741 unus
713 699 794 763 quos
815 678 957 740 continet
976 676 1079 756 ordo;

180 772 267 830 Unus
289 776 459 848 praeterea
481 762 559 822 dens
580 774 630 823 est
649 771 683 822 et
702 762 789 821 solus
807 758 839 818 in
859 758 941 835 im03

179 853 297 935 Meque
317 855 404 911 tenet
423 863 549 921 numen,
569 853 683 906 ventus
702 839 804 918 timet,
827 858 966 920 aequora
988 850 1111 906 curant.

617 955 729 1028 LXW⁴

182 1075 280 1154 Septa
301 1071 389 1154 gravi
410 1069 512 1146 ferro,
532 1049 657 1130 levibus
679 1069 873 1131 circumdata
894 1065 1022 1149 pennis,

181 1157 266 1215 Ae'ra
291 1172 350 1234 per
374 1151 513 1235 medium
534 1148 666 1210 volucri
680 1149 835 1210 contendo
855 1159 979 1222 meatu,

182 1235 339 1316 Missaque
363 1230 529 1292 discedens
552 1230 640 1292 nullo
660 1230 803 1292 mittente
823 1240 983 1292 revertor.

629 1346 729 1413 LXV.

183 1464 233 1522 De
254 1456 387 1541 pecudis
408 1457 503 1520 dorso
523 1460 664 1541 pecudes
688 1481 750 1544 ego
772 1471 883 1526 terreo
908 1469 1052 1539 cunctas,

184 1538 385 1620 Obsequium
410 1539 548 1601 reddens
574 1543 731 1603 moderati
753 1540 826 1625 lege
847 1542 986 1619 doloris3

183 1624 250 1681 Nec
272 1620 346 1680 volo
367 1623 536 1699 contemni,
558 1623 615 1684 scd
635 1633 746 1684 contra
765 1623 839 1684 nolo
859 1640 985 1686 nocere.

631 1723 743 1788 val.

186 1851 343 1916 Cornibus
365 1860 436 1932 apta
457 1852 550 1926 cavis,
569 1852 664 1914 tereti
684 1851 848 1935 perlucida
871 1879 969 1942 gyro,

184 1939 305 1994 Lumen
325 1930 444 1992 habens
464 1932 546 1993 intus
568 1933 665 1993 divini
684 1933 797 1994 sideris
815 1933 927 2017 instar,
960 1944 962 1954 ’

184 2013 338 2078 Noctibus
358 2012 390 2071 in
410 2013 522 2075 mediis
541 2012 657 2076 faciem
678 2036 742 2076 non
760 2020 864 2097 perdo
884 2020 1019 2083 dierum.

622 2128 749 2191 LXVII.
764 2168 766 2173 -

133 2275 136 2281 .
186 2226 370 2309 Perspicior
389 2221 526 2306 penitus,
547 2242 607 2285 uec
626 2226 750 2287 luminis
770 2247 865 2290 arceo
890 2231 988 2306 risus,

187 2306 414 2368 Transmittsns
438 2305 548 2364 oculos
566 2305 648 2365 intra
668 2327 738 2367 mea
757 2309 898 2371 membra
918 2319 1077 2371 meantes:

187 2390 256 2449 Neo
278 2405 330 2447 me
352 2386 460 2444 transit
478 2381 590 2465 hiems,
610 2384 667 2447 sed
687 2386 736 2448 sol
756 2399 861 2452 tamen
882 2391 995 2453 emicat
1014 2388 1046 2450 in
1065 2405 1126 2448 mc.

619 2502 761 2565 valu.

188 2599 281 2660 Nulla
301 2595 378 2658 mihi
399 2611 488 2671 certa
508 2610 566 2672 est,
586 2600 670 2661 nulls
691 2610 740 2661 est
758 2599 928 2681 peregrina
948 2597 1062 2684 figura.

190 2681 313 2760 Fulgor
332 2677 414 2739 inest
433 2680 526 2757 intus,
544 2680 678 2742 radianti
699 2681 771 2742 luce
792 2699 980 2758 coruscans,

192 2760 257 2845 Qui
277 2757 354 2818 nihil
380 2761 530 2841 ostendit,
549 2761 653 2823 nisisi
674 2761 752 2847 quid
772 2760 888 2823 viderit
908 2772 990 2825 aute.

196 2892 387 2908 ffl

194 3011 224 3022 -
243 2981 258 3030 3
278 2976 431 3048 profundet
449 2975 517 3033 Cod.
534 2978 565 3028 D.
586 2976 709 3045 rescindit
732 2979 839 3036 Perion.
865 3006 900 3020 —
917 2979 1012 3044 LXIV,
1031 2991 1055 3043 3.
1078 2974 1178 3029 descen

194 3050 261 3102 dens
279 3064 328 3118 pro
346 3043 487 3096 discedens
510 3045 578 3096 Cod.
597 3047 625 3096 Β.
644 3056 670 3099 et
688 3049 793 3099 Pei-iou.
816 3078 848 3088 -
870 3043 958 3112 va,
981 3064 1006 3102 ι.
1026 3046 1164 3114 Obsequii,
1191 3078 1193 3086 i

196 3117 314 3171 reddens
329 3113 415 3167 codd.
435 3116 466 3164 A.
486 3113 513 3162 Β.
532 3113 562 3162 C.
585 3115 692 3165 Perion.
720 3115 787 3167 Pith.
814 3117 952 3186 Obsequio
976 3133 1008 3167 co
1030 3119 1192 3167 siccasset.

196 3198 222 3242 et
260 3187 346 3238 lurimi
367 3183 559 3237 recentiorum.
578 3207 610 3218 -
628 3184 723 3246 vas,
746 3199 767 3236 ι.
783 3201 856 3255 gero
876 3187 947 3236 Cast.
966 3134 1027 3235 sesi
1036 3184 1145 3233 Perion.
1165 3200 1180 3233 e

194 3206 264 3309 Pisi.
297 3257 379 3305 vitro.
416 3278 448 3288 -
483 3250 604 3314 LXVIII,
630 3266 652 3304 2.
678 3253 789 3303 rusilium
819 3255 878 3304 lucc
905 3255 1012 3304 Perion.
1038 3267 1192 3301 corisscuns

196 3323 322 3380 Wsrnsd·
350 3339 365 3375 e
394 3318 481 3374 codd.
503 3318 536 3369 A.
558 3320 587 3369 B.
606 3321 637 3371 C.
665 3321 755 3381 etEd.
781 3322 886 3373 Pei-ion.
907 3337 1040 3372 coruscus
1068 3318 1138 3373 Pith.
1165 3336 1182 3398 e¹
