2386 3758
470 259 697 312 searuurrae.
1051 269 1085 325 55

188 411 290 462 Seneca
311 411 336 460 in
358 409 461 477 Thyest.
497 410 581 460 Nulla
600 410 725 478 potentia
748 419 803 458 tam
824 408 979 477 imbecilla,
1013 429 1083 484 quae

195 497 252 529 non
266 478 381 528 robusta
397 479 464 527 satis
476 479 514 527 sit
526 477 565 528 ad
579 475 774 528 maturandam
786 477 889 527 homini
902 497 997 530 necem.

90 573 138 648 64.
158 573 230 654 Ego
253 587 322 630 esse
342 568 493 628 miserum
514 566 631 642 credo,
653 562 704 626 cui
723 562 830 645 placet
854 586 960 635 nemo.

187 651 324 702 Martialis.
351 649 468 702 invidiae
494 658 551 715 est,
576 646 718 701 detrahere
745 645 816 710 aliis;
839 654 865 697 et
884 651 970 700 omnia
991 651 1086 705 infidus

165 790 167 794 ι
191 729 231 771 est
248 721 330 771 miser
349 726 376 770 et
395 720 487 769 malus.

89 810 140 884 ⁶5·
160 812 209 870 Ea
227 808 357 870 libertas
379 818 443 887 est,
471 809 526 892 qui
548 818 661 891 pectus
681 764 798 888 purum
819 817 852 868 et
870 802 997 867 firmum
1018 827 1089 891 ges·

286 889 381 953 titat.=
767 944 771 950 .

188 973 286 1022 Ennius
302 972 328 1020 in
351 969 487 1022 Phoenice
504 969 574 1038 apud
593 968 736 1034 agellium.
782 969 848 1019 Vere
868 968 939 1018 h'ber·
961 982 1018 1031 eat,
1038 971 1109 1040 qui.

102 1041 106 1048 ’
188 1040 243 1091 sibi
254 1041 318 1090 bene
338 1041 464 1089 conscius
480 1051 562 1108 atque
578 1049 710 1087 constans
728 1047 777 1086 est.
797 1038 827 1088 In
842 1039 964 1089 oratione
984 1048 1024 1090 est
1041 1056 1086 1091 re·

190 1118 298 1178 spectus
317 1110 473 1173 sententiae,
492 1123 545 1156 non
560 1106 712 1157 verborum.
733 1107 760 1156 la
778 1106 849 1158 liber
870 1115 925 1170 est,
949 1109 1012 1174 qui,
1040 1108 1088 1158 ab·

187 1186 381 1245 atractumpro
397 1184 536 1228 concreto.
605 1222 607 1227 .

92 1265 141 1333 66.
160 1269 218 1328 Est
248 1264 457 1341 miscrorum,
489 1278 527 1329 ut
551 1266 778 1330 malevolentes
806 1263 868 1324 rint
895 1275 991 1348 atque
1012 1262 1090 1327 inii-

285 1344 380 1404 deant
399 1343 500 1406 bonis.

188 1427 274 1475 Plaut.
287 1418 314 1475 in
328 1425 431 1492 Captiv.
461 1426 623 1496 Suspiciosa
638 1438 664 1479 et
678 1424 772 1478 avida
785 1436 827 1478 est
844 1436 1015 1496 paupertas,
1039 1443 1089 1478 ue·

183 1510 253 1544 core
276 1503 361 1562 atque
373 1494 509 1561 imperito.
941 1497 942 1501 ’

90 1583 138 1664 ⁶7·
158 1585 242 1643 Eum
262 1582 345 1674 scire
366 1595 498 1664 oportet
523 1584 585 1645 cibi
608 1595 751 1665 paratam
776 1597 918 1666 pestem,
947 1586 1003 1672 qui
1026 1585 1090 1648 exi·

194 1740 231 1791 Ex
249 1672 368 1808 anttilqlhh1
377 1675 570 1812 plhhhitliicero
585 1751 611 1801 2.
627 1744 789 1794 Tusculana.
807 1745 898 1797 Verba
920 1757 982 1798 sunt
1003 1746 1088 1816 Eury·

195 1811 248 1879 pyll
274 1811 403 1869 vulnerati
423 1815 451 1862 in
472 1812 633 1881 Tragoedia.
663 1813 770 1863 Dictum
795 1814 880 1881 ipsum
903 1815 1088 1868 Rhadamanto

194 1877 357 1928 adscribitur
373 1880 409 1930 ah
426 1881 507 1934 Arist.
522 1883 557 1933 ad
575 1880 779 1932 Nicomachum.
811 1882 868 1947 Qui
891 1882 975 1932 alteri
991 1885 1090 1933 mellum

190 1955 283 2015 parat,
303 1944 335 1996 id
344 1949 433 2016 ipsum
448 1949 557 2002 tandem
567 1959 691 2018 expectet
710 1967 812 1999 necesse
832 1959 881 1998 est.

91 2039 139 2111 68.
161 2039 221 2098 Est
245 2036 397 2119 profecto
424 2041 532 2117 Deus,
560 2039 615 2124 qui
641 2059 724 2125 quae
749 2059 808 2100 uos
829 2039 973 2122 gerimus
993 2037 1092 2100 audit-

314 2139 355 2179 ue
379 2131 412 2180 et
456 2121 462 2134 '
522 2164 529 2178 .
590 2134 592 2138 ’

107 2235 112 2245 ,
188 2141 339 2250 Plautusqin
357 2121 624 2268 Captv'ldhhhhaicus.
661 2199 749 2250 Deum
773 2213 850 2248 nemo
870 2211 963 2269 potest
975 2198 1090 2269 follere,

192 2269 283 2337 quiet
297 2281 407 2318 nostros
421 2287 556 2319 sermones
570 2267 650 2319 audit
667 2269 828 2324 erectiones
841 2271 974 2329 rietuetur,
989 2272 1090 2321 Trana·

189 2337 242 2385 lata
261 2335 296 2386 de
308 2338 426 2387 Homero
444 2340 582 2390 sententia.

93 2425 140 2509 69.
161 2427 232 2507 Ego
252 2426 341 2487 illum
361 2425 496 2508 periisse
518 2429 620 2505 duco,
641 2427 694 2489 cui
712 2427 809 2509 periit
827 2428 943 2510 pudor.

189 2507 264 2557 ldem
277 2509 305 2556 in
321 2507 416 2558 Bacch.
442 2511 526 2574 Quem
546 2511 663 2580 amplius
679 2526 736 2560 non
753 2508 854 2579 pudet,
880 2509 912 2560 de
937 2509 985 2560 tto
1013 2508 1090 2559 natta

191 2577 309 2624 virtutis
325 2594 386 2645 spes
399 2586 449 2624 est.

96 2684 143 2745 70.
163 2665 247 2723 Eum
266 2663 409 2804 lafhorem
431 2685 552 2743 sumas,
586 2663 712 2727 laudem
732 2667 789 2751 qui
808 2665 867 2727 tibi
894 2667 1092 2731 anfractum

306 2764 360 2804 era
376 2789 383 2803 .

191 2826 311 2876 Lucilius
328 2827 355 2874 in
369 2828 424 2876 Sat.
459 2827 536 2876 Utilis
554 2825 699 2888 laborest,
712 2829 763 2896 qui
776 2830 889 2880 auctori
904 2826 1091 2897 heudemsert,

191 2895 253 2944 allec
265 2894 417 2971 utilitatem.
441 2895 526 2946 lamb.
542 2905 596 2949 oct.

92 3031 140 3090 7¹·
160 3009 354 3093 Faciendum
374 3009 407 3069 id
428 3011 535 3087 nobis,
557 3010 645 3094 quod
664 3019 813 3091 parentes
833 3006 999 3088 imperant.

195 3092 271 3143 lder'n
286 3094 314 3141 in
330 3091 435 3143 Sticho.
456 3089 602 3160 Imperium
613 3101 757 3160 parentum
777 3099 872 3139 sancte
889 3086 1047 3138 habendum.

94 3221 142 3281 72.
165 3207 298 3266 Factum
323 3205 409 3288 quod
435 3216 501 3276 est,
522 3200 677 3264 infectum
697 3199 769 3263 fieri
788 3221 851 3261 non
874 3211 992 3281 potest.

193 3287 371 3361 proverbialis
385 3288 517 3338 sententia
529 3284 563 3335 de
580 3286 718 3336 Terentio.
747 3285 834 3333 Facta
855 3278 1035 3352 1'ifictasteri
1045 3298 1090 3330 ne·

194 3365 305 3424 queant.
574 3376 577 3382 ·
