2386 3758
150 205 184 259 ts
579 191 715 255 ttattss

138 349 261 418 xioculari
287 347 386 399 deinde
413 363 496 415 super
508 360 607 402 coena
630 353 723 399 exorta
742 347 907 414 quaestione,
926 345 1064 416 quodnam
1082 359 1154 403 esset

149 420 290 474 molestum¹
309 417 402 480 otium,
421 415 495 477 aliud
511 416 565 477 qlio
584 416 730 484 opinante,
748 416 794 467 ills
811 415 952 482 Podagrici
968 415 1052 485 pedes
1075 416 1154 469 dixit.

149 485 193 534 Ob
213 483 280 535 haec
298 493 325 536 et
341 484 393 534 alia
408 485 582 535 manumissus
606 491 633 539 et
650 482 754 547 snaiore
778 498 842 546 cura
859 482 996 550 eruditus,
1023 501 1084 547 cum
1101 487 1154 537 mis

151 569 210 602 mos
228 559 420 621 componeret,
442 553 598 627 Ingentique
622 551 753 619 applausu
777 551 805 602 in
829 550 923 604 ltaliae
948 551 1055 620 oppidis
1072 569 1155 618 agero

149 621 291 688 coepisset,
309 617 459 689 productus
477 621 577 671 Romae
595 634 645 686 per
664 619 785 670 Caesaris
804 617 884 681 ludos
903 635 1005 684 omnes,
1023 621 1069 688 qui
1086 628 1156 673 tune

148 690 247 765 scripta
265 688 290 739 'et
310 703 406 757 operas
423 705 483 739 suas
501 688 528 738 in
545 703 653 739 scenam
671 688 845 750 locaverunt,
862 689 1030 756 provocavit,
1048 696 1079 738 ut
1097 689 1155 741 sine

147 757 201 823 guli
224 773 316 812 secum
332 756 394 815 cum
411 758 499 824 posita
514 757 628 807 invicem
644 755 757 806 materia
780 770 831 823 pro
857 763 982 822 tempore
1000 756 1155 812 contendes

75 846 81 867 .·
147 832 218 875 rent.
237 826 295 875 Nec
313 826 368 875 ullo
387 833 526 877 recusante
544 823 680 889 superavit
697 837 808 888 omnes;
824 822 853 872 in
870 823 930 890 quis
948 833 976 876 et
992 823 1155 888 Laberium:

149 893 220 943 unde
239 890 339 942 Gaesao
361 892 481 948 arridens
498 890 551 941 hoc
567 888 650 939 modo
670 890 869 959 pronuntiavit:

230 959 373 1030 Favente
393 958 453 1020 tibi
475 976 544 1032 me,
565 956 668 1027 victus
689 974 739 1035 es,
760 955 894 1035 Laberi,
915 979 933 1031 a
953 955 1052 1039 Syros

213 1042 354 1108 statimque
374 1038 469 1090 Publio
489 1037 604 1105 palmam
627 1046 654 1088 et
670 1038 788 1103 Laberio
808 1039 938 1090 annulum
953 1055 1067 1092 aureum
1088 1055 1156 1094 cum

79 1135 82 1142 ·
146 1104 296 1228 fflgffiss
314 1107 441 1160 sestertiis
459 1105 544 1161 dedit.
562 1106 639 1158 Tune
656 1105 768 1158 Publius
791 1105 825 1159 ad
847 1106 990 1159 Labenium
1016 1106 1154 1160 receden-

230 1242 369 1335 Quicum
390 1237 580 1302 contendisti
600 1239 756 1336 scriptor,
786 1239 876 1306 huno
891 1249 1054 1323 spectator
1068 1238 1156 1305 'sub2

345 1320 377 1382 le
396 1339 427 1382 'as

215 1402 269 1454 Sed
294 1411 320 1453 et
344 1341 473 1453 [rainerius
498 1402 621 1471 sequenti
646 1403 737 1463 statim
759 1403 949 1456 commissione
972 1401 1054 1454 mimo
1078 1402 1153 1462 norq‘

145 1472 282 1527 interiecit
299 1468 348 1519 hos
363 1483 469 1532 versus:

225 1539 298 1602 Non
316 1547 449 1616 possunt
468 1536 563 1618 primi
584 1542 694 1603 omnes
715 1558 786 1601 csse
809 1537 1019 1618 intempore.

225 1614 390 1676 Summum
410 1616 450 1677 ad
473 1617 608 1701 gradum
629 1639 701 1682 eum
721 1615 872 1695 claritatis
893 1616 1037 1692 teneras,

225 1695 385 1759 Consistes
405 1717 501 1782 aegre
508 1717 518 1774 3
542 1699 633 1761 citius
655 1719 750 1784 quam
769 1696 936 1774 ascendas,
957 1694 1097 1758 decides.

226 1775 337 1851 Cooidi
364 1797 443 1862 ego,
472 1777 566 1842 undet
585 1779 640 1864 qui
662 1778 825 1863 sequitur,
846 1778 913 1838 laus
935 1787 984 1838 est
1007 1776 1150 1857 publica,

144 2024 163 2072 l.
181 2024 200 2073 l.
218 2030 246 2072 et
267 2019 394 2080 Pithoeus
411 2018 471 2069 Lib.
490 2016 537 2068 IV.
559 2015 748 2086 Epigrammat,
771 2021 900 2075 veterum.
920 2012 1058 2065 ‘Macrobii
1091 2015 1149 2069 edis

145 2092 231 2140 tiones
249 2090 286 2139 ita
298 2084 440 2138 oxlsibont:
460 2084 599 2134 Oo'nsistes
611 2099 704 2150 aegra,
724 2091 750 2133 et
766 2099 847 2152 qnam
865 2079 1013 2131 descendas
1031 2080 1148 2135 decides.

143 2156 266 2208 Bothius:
284 2153 424 2206 Consa’stes
443 2168 524 2219 szsgre
541 2161 567 2199 et
585 2151 664 2202 citius
679 2167 760 2221 quom
776 2147 909 2201 ascendas
927 2147 1017 2201 cadas.
1054 2151 1145 2203 Ident-

145 2241 198 2292 que
213 2239 294 2292 supra
311 2217 485 2274 sonandum
503 2226 612 2274 censeta
642 2219 706 2279 Non
723 2229 843 2290 possunt
868 2217 951 2289 primi
974 2235 1031 2279 esse
1052 2237 1147 2272 amites

145 2293 175 2344 in
193 2301 321 2362 tempora
