2386 3758
393 675 582 739 DIONYSH
607 670 788 737 CATONIS

185 786 1120 928 utstleuouum:

489 1029 534 1071 Did
553 1029 698 1073 MOMBUS

403 1143 484 1212 ΑΙ)
524 1145 774 1210 FILIUM

499 1255 678 1333 mutatu.
756 1261 757 1265 ’

493 1404 688 1422 μ--ι--ῠ

464 1462 720 1537 PRAEFATIO.

92 1616 243 1678 Secumm
268 1615 452 1758 eppieunque'
474 1622 564 1704 eupis
584 1621 764 1703 perducere
785 1618 894 1688 vitam,

91 1701 159 1758 Nec
179 1697 260 1758 vitiis
304 1721 415 1762 aerere
436 1703 582 1778 animum,
609 1721 692 1785 quae
714 1698 854 1760 moribus
875 1700 1002 1779 obsunt,

92 1780 182 1838 Haec
193 1795 376 1874 ’praecepta
396 1782 453 1843 tibi
475 1804 601 1864 semper
623 1781 796 1864 relegenda
817 1793 993 1843 memento:

92 1860 235 1922 Invenies
258 1861 472 1948 aliquidque
498 1875 530 1924 te
554 1863 654 1923 nitere
674 1863 836 1945 magistro.
877 1904 883 1919 ,

510 2013 616 2076 Dist.
658 2013 682 2075 1.

95 2108 236 2190 Despiee
258 2106 394 2183 divitias,
415 2110 441 2170 si
461 2109 508 2171 vis
530 2110 632 2172 animo
657 2125 727 2170 esse
747 2107 873 2169 beatus:

96 2186 183 2278 Quas
205 2189 259 2274 qui
281 2190 464 2272 suspiciunt,
485 2190 663 2252 mendicant
684 2207 811 2270 semper
832 2187 926 2250 avari.

97 2328 297 2342 *m-

163 2400 279 2450 Praeiat.
307 2416 374 2451 vem.
399 2406 423 2456 1.
446 2397 579 2451 deducere
602 2400 689 2450 vitam
713 2402 780 2454 Cod.
805 2402 866 2454 vet.
891 2405 954 2471 neg.
981 2403 1100 2458 Membr.
1132 2451 1136 2457 .

96 2470 173 2519 Voss.
193 2477 221 2519 et
238 2467 313 2519 Leid.
334 2471 359 2520 3.
379 2467 523 2520 traducet-e
537 2467 606 2519 Edd.
629 2468 739 2534 August.
758 2472 844 2522 Puim.
863 2474 962 2523 Erasm.
982 2473 1049 2524 aliis.
1065 2501 1101 2512 -

96 2553 163 2589 vers.
183 2553 208 2587 a.
226 2536 352 2588 Arntzen.
371 2555 395 2589 e.
415 2537 504 2590 Codd.
526 2536 601 2589 Leid.
621 2553 646 2592 2·
663 2538 761 2590 Coiiet.
781 2539 858 2590 Voss.
878 2543 1017 2593 etVeterr.
1034 2541 1099 2606 Reg.

96 2605 186 2657 dedit:
209 2605 264 2655 Nee
282 2606 355 2656 vitd's
370 2605 482 2658 laaerere
501 2608 622 2666 (artimus,
650 2609 700 2675 (siti
718 2607 836 2657 moribus
855 2610 962 2660 obsunt.
980 2611 1035 2660 Noa
1055 2625 1100 2659 re·

97 2673 236 2744 posuimus
263 2675 392 2740 intimum,
413 2677 488 2744 qued
510 2678 590 2743 longe
611 2675 741 2742 plurimae
766 2675 834 2725 Edd.
854 2678 959 2741 ierunt,
984 2686 1011 2728 et
1029 2693 1101 2745 qttae

97 2759 148 2814 pro
166 2743 218 2810 qui
234 2759 249 2793 e
267 2741 337 2792 Cod.
357 2743 433 2795 Leid.
453 2763 475 2796 1.
494 2754 521 2797 et
540 2745 630 2795 Turio.
650 2744 677 2792 in
701 2760 755 2810 quo
775 2745 883 2811 quidem
905 2746 1024 2797 secunda
1044 2761 1101 2796 ma·

98 2829 146 2864 nun
164 2810 232 2861 hane
258 2810 473 2866 emendationem
500 2813 612 2865 addidit.
636 2838 670 2850 -
698 2829 765 2864 vers.
785 2811 809 2876 4.
831 2814 945 2882 Vulgata
961 2815 1027 2865 haee
1045 2814 1101 2864 lee-

98 2884 138 2934 tio
157 2878 237 2930 etiam
255 2877 343 2928 tribus
355 2879 490 2934 Auntzenii
503 2881 592 2933 Codd.
606 2880 735 2933 firmatur.
752 2880 806 2932 Sed
823 2882 898 2934 Leid.
917 2899 940 2932 a.
951 2885 975 2934 3.
986 2880 1102 2934 Membr.

99 2951 177 3002 Voss.
190 2955 217 2998 et
237 2947 326 2997 Turic.
349 2948 427 3015 quod
443 2962 468 3000 te
486 2954 577 3002 vitare
595 2950 734 3016 magistro
744 2967 754 3011 ;
773 2950 938 3019 eandemque
957 2952 1105 3003 lectionem

101 3021 191 3090 piures
208 3015 277 3065 Edd.
295 3023 358 3070 vett.
378 3028 535 3088 sequnntur,
554 3027 584 3069 ut
607 3019 679 3086 Lips.
704 3018 801 3072 Coton.
826 3018 935 3071 Ascens.
954 3021 1055 3084 Bianti,
1076 3020 1102 3068 in

101 3104 153 3156 qua
171 3082 278 3154 quidem
297 3085 432 3147 nanga'strm
453 3086 638 3156 accipiendum
659 3094 698 3136 est
714 3103 765 3155 pro
785 3085 878 3139 doceo.
897 3089 938 3137 (ΞΓ.
957 3088 1051 3143 Dauni.
1069 3088 1104 3138 ad

101 3158 127 3207 h.
145 3157 164 3206 1.
190 3154 265 3205 Aliae
291 3154 415 3221 antiquae
441 3159 509 3211 Edd.
533 3166 564 3207 ut
587 3155 697 3219 August.
722 3157 806 3207 Paria.
831 3157 932 3207 lienem.
959 3156 1103 3208 exhibent:

102 3227 130 3275 in
150 3242 205 3293 (suo
224 3233 250 3273 te
268 3232 348 3273 uteie
365 3230 511 3291 magistro.
529 3219 578 3275 Ed.
596 3226 683 3276 Pulm.
704 3226 729 3275 in
753 3242 835 3291 marg.
855 3224 972 3280 addidit:
996 3243 1050 3294 quo
1073 3235 1104 3275 tu

101 3295 193 3345 uitare
221 3293 365 3353 mttt't'sit'o.
395 3299 443 3350 Ed.
473 3299 587 3348 Seriver.
616 3311 672 3360 qun
700 3296 776 3344 vitae
802 3305 881 3344 tatur-e
907 3295 1052 3353 remisero.
1071 3321 1103 3332 -
