2386 3758
137 843 249 953 cm.
293 791 610 946 'maran
670 839 985 966 versus.

468 1098 654 1113 —

104 1235 154 1317 (Ε
174 1225 317 1316 Ziegleri
337 1225 548 1312 disputatione
561 1227 603 1290 de
625 1226 728 1290 Mimis
748 1230 842 1294 Rom.
861 1248 935 1313 pag.
955 1227 1018 1310 65.)

140 1409 230 1478 Vixit
253 1410 382 1474 Mattius
401 1421 548 1496 tempore
568 1410 635 1473 Caii
655 1411 809 1488 Caesaris,
830 1413 919 1474 cuius
940 1412 1062 1473 amicis·

60 1491 158 1555 simus
177 1490 241 1553 fuit
259 1491 359 1575 magis
381 1505 518 1576 propter
540 1493 692 1631 insignem
713 1492 831 1574 ingenii
855 1506 887 1555 et
910 1492 1063 1554 eruditio·

60 1574 108 1634 uis
136 1573 378 1655 praestantiam,
407 1594 502 1657 quam
529 1594 595 1657 quo
646 1573 730 1630 inter
755 1574 921 1635 sanniones
948 1572 1062 1634 Palatii

63 1653 198 1714 aliorum
228 1652 400 1713 Mimorum
433 1653 530 1714 instar
561 1650 752 1712 referretur.
787 1654 900 1716 Mimos
935 1653 1063 1735 scripsit

62 1732 175 1794 iambis
196 1741 230 1792 et
248 1730 344 1792 Iliada
365 1733 501 1795 Homeri
520 1731 690 1805 transtulit,
710 1732 792 1791 sicut
812 1733 920 1792 Livius
938 1737 1063 1793 Andro·

62 1814 152 1874 nicus
176 1809 317 1874 ducentis
342 1812 464 1896 aliquot
491 1813 576 1874 annis
597 1823 687 1873 antea
708 1809 884 1891 Odysseam
910 1824 1062 1875 verterat.
1158 1836 1160 1841 ·

63 1890 226 1979 Quoniam
253 1911 333 1956 vero
361 1893 528 1954 literarum
556 1912 742 1975 graecarum
773 1912 790 1952 e
814 1891 903 1974 regie
940 1893 1063 1973 peritus

64 1984 170 2036 vatem
184 1971 261 2112 pari
281 1972 397 2055 lepore
420 1984 453 2034 et
474 1973 629 2055 elegantia
651 1972 775 2034 i'ecerat
787 1913 974 2048 domanam,
988 1992 1064 2054 por·

63 2075 103 2116 ro
125 2070 183 2113 ver
207 2072 224 2111 a
245 2053 372 2137 antiqua
391 2066 578 2131 revocarat,
616 2054 739 2137 aliaque
759 2072 841 2115 nova
865 2052 945 2112 scite
966 2054 1065 2127 finxe-

62 2145 124 2211 rat,
144 2131 259 2194 doctus
284 2144 317 2193 et
340 2133 482 2214 impense
504 2134 617 2196 doctus
638 2156 655 2195 a
673 2132 786 2216 priscis
808 2131 989 2192 auctoribus
1009 2153 1065 2193 no-

64 2215 210 2274 minatur.
253 2209 346 2305 Quin-
366 2212 521 2275 Antonius
549 2214 685 2275 Iulianus
709 2213 758 2273 his
778 2212 869 2273 novis
892 2210 1066 2273 verborum

64 2291 224 2376 figmentis
245 2312 338 2353 aures
358 2312 431 2354 snas
452 2293 532 2354 mire
553 2294 730 2356 demulceri
751 2292 875 2374 saepius
900 2291 1066 2373 professus

65 2386 125 2435 cst.
168 2370 289 2433 Gellius
324 2372 364 2436 X.
396 2381 446 2447 24.
477 2374 554 2452 XX,
573 2381 603 2442 8.
645 2376 716 2436 Νοη
748 2371 990 2435 confundendus
1013 2382 1068 2431 est

66 2473 139 2514 cum
161 2449 238 2512 Caio
261 2453 392 2529 Mattio,
426 2453 589 2515 Ciceronis
619 2452 783 2529 familiari,
804 2453 893 2513 cuius
915 2451 1067 2534 epistolae

62 2541 188 2594 exstant
219 2531 259 2592 ad
292 2531 367 2593 fam.
394 2532 466 2594 Lib.
494 2535 546 2594 IX.
581 2535 642 2614 Ep.
672 2553 720 2612 27.
750 2542 783 2592 et
811 2535 859 2594 28.
899 2532 1067 2592 Praeclare

65 2623 239 2694 utrumque
254 2612 409 2673 ,Mattium
430 2614 613 2675 distinctum
638 2613 778 2675 invenies
800 2633 817 2672 a
844 2621 1070 2673 commentato·

66 2691 156 2752 ribus
176 2689 216 2751 ad
236 2690 367 2754 Sueton.
388 2695 478 2755 Caes.
500 2695 587 2789 (pag.
604 2701 652 2766 86.
676 2693 728 2756 ed.
751 2691 897 2770 Gravii):
924 2690 1069 2752 diversus

67 2771 162 2832 ctiam
181 2793 199 2832 a
223 2772 260 2832 C.
285 2772 408 2849 Mattio,
428 2773 566 2856 Augusti
586 2773 707 2848 amico,
727 2784 821 2855 atque
844 2780 896 2845 (ut
916 2773 1070 2832 Burman·

67 2871 125 2910 nus
147 2851 186 2912 ad
204 2849 340 2991 ffifflnffl‘
361 2853 385 2910 1.
410 2851 451 2918 Ο.
472 2853 541 2914 Lib.
562 2855 614 2914 111.
634 2855 708 2935 Cap.
735 2875 759 2910 ι.
778 2872 851 2935 pag.
873 2867 943 2930 217.
970 2845 1072 2944 suspi-

69 2931 184 3011 catur)·
238 2931 270 2993 io
292 2931 388 2993 modo
417 2934 586 2995 memorati
607 2934 643 2997 C.
669 2931 779 3008 Mattii,
804 2932 946 2994 Caesaris
969 2929 1072 3006 amici,

69 3030 165 3093 quem
186 3023 291 3073 tamen
314 3011 459 3092 Scaliger
485 3013 518 3073 in
539 3014 674 3076 coniect.
695 3013 734 3072 ad
749 3013 885 3076 Varron.
914 3012 954 3071 de
978 3011 1014 3070 L.
1035 3010 1071 3068 L.

68 3111 140 3172 pag.
167 3099 232 3172 ¹49·
255 3103 309 3152 aut
329 3092 360 3150 in
385 3094 519 3187 exempl.
540 3095 669 3177 Bipont.
687 3113 759 3174 pag.
783 3091 851 3155 236.
873 3102 973 3153 notar.
997 3100 1072 3150 eun·

69 3171 142 3230 dem
162 3179 291 3247 censet,
321 3169 376 3255 qui
399 3171 597 3238 Mimiambos
622 3174 749 3255 scripsit
777 3184 810 3233 et
840 3168 936 3231 Iliada
966 3167 1071 3230 vertit.

69 3249 161 3311 Adde
182 3250 222 3315 G.
247 3252 270 3310 1.
291 3251 381 3313 Voss.
406 3253 501 3315 Poet.
530 3255 664 3316 Institut.
686 3253 756 3312 Lib.
780 3253 816 3312 11.
838 3252 915 3331 Cap·
937 3250 986 3315 33.
998 3260 1072 3392 pag.

76 3328 142 3396 163·
167 3329 244 3392 item
267 3329 428 3425 Spalding.
449 3331 489 3394 ad
510 3333 642 3415 Quintil.
662 3328 743 3394 1.0.
767 3333 817 3392 Ill.
842 3350 867 3391 ι.
883 3350 959 3428 pag·
978 3339 998 3403 4
1019 3328 1049 3393 3.
