2386 3758
145 230 179 284 50
551 221 735 275 vlmonuu

594 309 603 338 o

147 395 177 454 7.
200 373 312 434 Anima
332 383 381 435 eet
401 370 499 434 amica
520 371 649 450 amanti3
671 371 703 432 ei
718 389 755 431 ea
776 366 881 449 abest,
905 369 1009 433 nullut
1029 379 1091 429 eet.

247 456 365 505 Plautus.
384 454 479 505 Amica
497 455 595 505 amanti
613 454 717 516 anima,
742 468 793 519 qua
817 453 927 504 absente
948 470 976 503 se
995 459 1069 520 putat
1086 466 1152 518 per·

250 523 336 572 ‹litum
354 533 381 573 et
397 523 501 572 nullum
518 524 599 575 vitam
616 519 792 590 expetendam
811 519 902 587 ducit,
922 522 996 590 quaei
1012 521 1041 569 iu
1059 521 1152 569 alieno

249 591 359 657 degeret
380 607 506 659 corpore.

150 698 176 752 8.
201 683 309 745 Alium
329 680 425 743 silere
447 680 534 814 qnod
557 678 665 755 voles,
685 677 805 770 primus
828 678 896 739 sile.
996 762 1002 773 .

248 767 310 815 Seu.
328 765 355 814 in
374 763 482 833 ljlippo,
516 764 596 828 Quae
610 770 685 820 tecto
700 769 845 831 tacitoque
862 777 917 813 esse
935 778 1030 829 cupre,¹
1042 771 1073 810 tu
1087 764 1151 831 pri·

251 850 309 883 mm
326 849 359 882 118
377 848 503 883 enuncia·
594 865 598 877 ·
672 862 676 883 ·.

151 942 179 1003 9.
202 924 263 983 Ars
283 922 385 1003 prima
406 918 498 1004 regni
517 928 584 994 est,
606 937 701 1000 poese
720 915 922 985 tte-invidiam
942 916 1018 996 pati.

245 1002 319 1053 idem
338 1004 365 1052 in
376 1003 450 1053 llere.
469 999 581 1050 turenae.
602 1001 660 1067 Qui
675 1002 703 1050 in
720 998 794 1051 aulis
810 1015 893 1066 agere
904 1006 975 1055 uult,
992 995 1153 1049 invidorum

248 1088 356 1122 morsus
374 1087 407 1119 ne
421 1077 505 1118 curet.

153 1183 198 1225 ro.
221 1161 332 1222 Aliena
354 1157 477 1234 laudat,
505 1157 561 1240 qui
581 1179 681 1242 genua
699 1159 795 1221 iactat
816 1180 924 1221 euum..

249 1243 360 1292 ibidem.
380 1239 437 1304 Qui
446 1238 578 1289 maiorum
595 1239 691 1290 luudee
712 1240 866 1310 praedicnt,
888 1239 987 1311 quibua
1005 1240 1063 1309 ipse
1080 1239 1154 1292 nihil

246 1309 354 1370 uallauit,
374 1306 465 1356 alienu
481 1307 636 1376 praedabant,
652 1327 709 1360 non
727 1327 789 1362 auu.
806 1310 850 1360 Ea
862 1322 963 1360 anostra
982 1319 1056 1370 sunt,
1076 1325 1152 1377 qirue

248 1381 353 1428 uirtute
369 1373 624 1456 propriusecienue.

152 1492 196 1526 ιι.
217 1466 268 1526 Ad
288 1485 379 1527 suum
401 1485 560 1550 quemque
581 1487 720 1553 aequum
738 1477 787 1533 eat
806 1478 973 1553 quaestum
994 1486 1064 1529 esee
1084 1469 1151 1529 eal·

247 1626 330 1678 Plani.
345 1542 467 1679 libdldbri'd.
487 1624 514 1682 ei
530 1630 642 1682 Trucul.
672 1629 757 1681 Suum
782 1632 899 1700 quisque
918 1640 1059 1700 qaeueetum
1076 1646 1149 1699 pru.

247 1694 490 1761 deerler'extltdeut.
559 1716 585 1732 ··
658 1706 660 1711 '
742 1721 745 1725 ·
863 1728 866 1734 .

153 1805 200 1847 re.
225 1786 272 1846 An
295 1788 402 1866 dives,
425 1807 535 1851 omnes
556 1787 752 1870 quaerimus:
773 1802 884 1865 nemo,
906 1809 943 1848 an
966 1787 1080 1854 bonus.

249 1870 349 1922 Seneca
369 1871 402 1921 ad
420 1871 552 1924 Lucilium
573 1885 605 1918 ex
630 1868 766 1936 Euripide.
803 1870 878 1919 Sene.
905 1868 990 1920 Habet
1015 1875 1149 1925 sententia

166 1931 176 1953 Χ
246 1938 481 2006 reprehensionem
498 1949 606 1987 motum
621 1937 811 1986 communium.
845 1936 947 1986 Invita
968 1944 1058 1986 autem
1077 1943 1150 2010 vulgi

252 2009 333 2073 magle
351 2015 506 2076 spectantur
524 2020 590 2072 opes
607 2019 686 2070 quam
704 2017 802 2053 mores.

155 2097 198 2158 13.
223 2097 370 2179 Aequum
393 2106 485 2178 atque
505 2093 648 2223 iniquum
668 2091 754 2175 regis
777 2090 947 2174 imperium
968 2089 1063 2151 ferae.

249 2178 344 2228 Srnec.
367 2177 394 2226 iu
407 2174 480 2226 Med.
519 2173 557 2224 Pu
580 2172 646 2224 licae
671 2173 766 2240 quietis
791 2190 871 2225 cauea
892 2171 1036 2224 tolerantia
1065 2174 1149 2230 etiam

250 2244 299 2294 sub
316 2244 413 2314 iniquis
430 2240 624 2308 magistratibus
645 2242 811 2308 praestanda.

151 2344 198 2406 aa.
222 2334 335 2393 Aetate
355 2330 468 2392 fruere
475 2373 486 2461 q
507 2329 618 2393 mobili
638 2351 735 2392 eursu
755 2330 848 2414 fugit.

247 2414 322 2464 Idem
341 2413 367 2463 in
386 2413 473 2479 llippo
525 2412 667 2481 Sumptum
692 2410 726 2464 de
744 2413 793 2463 illo
815 2410 920 2461 Ovidii:
948 2411 1082 2465 Utendum
1103 2429 1148 2467 eet

247 2491 345 2541 aetate,
361 2481 416 2531 cito
433 2477 501 2548 pede
517 2479 621 2531 labitur
639 2492 723 2532 uetur.
743 2481 794 2532 Vel
810 2479 929 2531 Tibulli:
960 2487 996 2531 Aa
1014 2494 1059 2544 tu,
1082 2482 1147 2535 dum

241 2550 327 2621 primi
333 2547 424 2617 floret
439 2547 492 2597 u'li
509 2550 638 2619 temporie
655 2559 742 2610 uetus,
764 2549 854 2608 Utere,
872 2564 929 2598 non
946 2549 1030 2602 turdo
1048 2552 1149 2602 labitur

245 2620 292 2669 illu
310 2617 385 2688 pecie.
420 2617 500 2670 Nulla
518 2618 619 2671 iactura
636 2618 753 2679 facilior,
771 2617 846 2668 nullu
865 2618 956 2669 carior
977 2629 1031 2686 eet,
1066 2636 1148 2688 quam

248 2686 386 2755 temporie.

151 2762 195 2820 15.
217 2757 316 2816 :lmor
336 2752 449 2814 timere
469 2749 626 2814 neminem
651 2769 746 2813 verus
768 2762 885 2833 potest.

247 2837 323 2886 Idem
342 2836 368 2885 iu
386 2831 488 2886 Medea.
507 2834 614 2885 Amoris
628 2834 732 2885 sinceri
744 2834 886 2903 proprium
904 2833 1004 2888 bonum
1026 2846 1083 2898 est,
1115 2850 1149 2893 ut,

246 2915 321 2954 metu
337 2913 429 2953 vacet.

151 2972 194 3033 16.
228 2976 333 3053 lequo
356 2969 458 3031 animo
483 2968 540 3052 qui
559 2966 649 3029 malie
669 2964 839 3047 miscetur,
863 2982 911 3033 est
932 2969 1041 3031 malus.

248 3051 477 3118 Eruanuecripto.
507 3051 565 3116 Qui
580 3049 720 3119 patienter
735 3048 791 3116 sert
807 3051 941 3104 mulorum
962 3051 1141 3102 consuetudi.
1163 3067 1166 3071 <

248 3137 315 3179 iterii,
337 3120 426 3187 etipse
445 3116 531 3166 bonus
549 3118 674 3199 reputari
689 3134 745 3168 nun
765 3132 863 3188 puteat.

152 3210 194 3261 ¹7·
221 3191 369 3247 ‚imorem
393 3183 629 3266 intercapedine
648 3203 717 3267 ipse
738 3185 816 3248 lenit
836 3187 914 3249 dieu.

248 3268 386 3337 'turpilius
405 3268 432 3316 iu
449 3264 543 3317 Pedio.
573 3267 665 3318 Omni‘s
687 3265 803 3338 ust'ectua
830 3268 980 3322 aeternitate
1001 3265 1144 3328 menuitur,

249 3347 279 3388 ut
300 3351 388 3399 umor,
405 3344 437 3387 ut
452 3331 543 3387 debr.
