2386 3758
415 262 548 323 cluunt!
568 261 785 319 FRAGMENTA
832 280 834 287 ·

505 429 678 472 nusnronn.

287 514 390 578 Aulus
410 515 532 578 Gellius
554 511 625 573 Lib.
644 513 683 574 x,
704 513 780 599 Cap.
800 513 900 580 XVII.

90 637 120 704 9.
146 617 371 697 Democritum
396 614 621 702 philosophum
647 616 679 677 in
700 619 912 680 monumentis
939 616 1097 689 historiae

131 701 273 762 Graecae
302 699 535 782 scriptumest,
562 696 667 760 virum
687 708 818 779 practer
840 699 917 760 alios
938 720 1097 764 veneran-

130 782 223 859 dum,
254 783 508 861 auctoritateque
539 776 665 860 antiqua
693 776 891 860 praeditum,
919 780 1094 843 luminibus

131 861 300 922 oculorum
327 856 383 922 sua
410 868 523 938 sponte
546 876 579 917 se
601 857 761 938 privasse,
794 857 866 940 quia
887 860 1096 938 existimaret,

130 940 338 1022 cogitationes
365 936 708 1021 commentationesque
730 938 823 999 animi
841 939 891 1000 sui
904 940 935 1000 in
951 952 1096 1003 contem·

129 1021 252 1103 plandis
280 1032 411 1080 naturae
438 1015 612 1076 rationibus
642 1020 825 1100 vegetiores
853 1031 886 1080 et
914 1021 1095 1084 exactiores

129 1103 222 1177 fore,
252 1100 280 1160 si
306 1119 358 1160 eas
387 1095 515 1156 videndi
535 1096 695 1158 illecebris
717 1111 750 1159 et
772 1100 940 1160 oculorum
958 1100 1096 1183 impedi-

129 1181 243 1242 mentis
274 1178 449 1237 liberasset.
488 1175 524 1234 ld
544 1175 664 1237 lactum
692 1178 759 1239 eius
786 1179 1001 1263 modumque,
1050 1201 1095 1244 uo

130 1261 316 1323 caecitatem
342 1255 436 1316 facile
457 1255 598 1317 sollertia
619 1257 819 1320 subtilissima
841 1259 1010 1339 conscivit,
1029 1203 1095 1324 iis·

129 1337 237 1402 berius
272 1347 369 1418 pocta
397 1334 428 1395 in
455 1336 569 1413 mimo,
606 1357 703 1419 quem
737 1339 865 1422 scripsit
894 1340 1095 1421 Restionem,

130 1417 276 1480 versibus
306 1415 436 1498 quidem
465 1417 539 1477 satis
561 1417 678 1478 munde
706 1429 804 1503 atque
824 1418 976 1513 graphice
995 1419 1094 1484 fectis

130 1495 314 1577 descripsit,
346 1495 404 1556 sed
436 1518 560 1559 causam
586 1498 784 1561 voluntariae
812 1499 972 1561 caecitatis
1001 1498 1095 1564 finxit

130 1577 239 1651 aliam,
275 1575 438 1672 vertitque
466 1578 499 1649 in
525 1599 594 1640 earn
623 1600 711 1656 rem,
748 1601 841 1664 quam
867 1590 936 1641 tum
966 1580 1094 1663 agebat,

128 1678 194 1718 non
220 1657 459 1730 inconciunrter.
498 1660 557 1720 Est
589 1659 672 1727 enim
704 1680 860 1742 persona,
894 1679 976 1746 quae
1010 1660 1093 1726 baec

132 1737 217 1823 ap'ud
248 1737 420 1800 Laberium
446 1739 539 1818 dicit,
568 1739 672 1800 divitis
700 1740 786 1805 avari
808 1753 841 1803 et
870 1740 977 1823 parci,
1005 1760 1094 1803 sum·

128 1831 198 1883 tum
225 1819 398 1902 plurimum
423 1821 619 1903 asotiamque
650 1818 860 1882 adolescentis
888 1820 950 1885 viri
978 1820 1092 1906 deplo-

128 1901 236 1966 rantis.
275 1899 397 1963 Versus
421 1898 587 1960 Laberiani
607 1910 694 1959 sunt:

171 2000 377 2064 Democritus
400 1999 570 2061 Abderites
590 1997 737 2079 physicus
760 2000 971 2085 philosophus

170 2083 325 2164 Clypeum
349 2079 511 2142 constituit
531 2089 641 2140 contra
663 2091 810 2141 exortum
830 2083 1032 2164 Hyperionis.

171 2161 292 2224 Oculos
317 2159 464 2223 effodere
486 2169 522 2218 ut
541 2168 652 2240 posset
675 2159 846 2242 splendore
866 2181 981 2228 aereo:

171 2244 228 2305 Ita.
238 2241 333 2303 radiis
355 2238 429 2301 solis
452 2237 552 2299 aciem
574 2235 689 2299 eilodit
710 2240 852 2321 luminis,
983 2247 986 2255 '

168 2320 259 2381 Malis
282 2320 364 2382 benc
386 2338 455 2379 esse
476 2338 516 2377 ne
537 2316 666 2379 videret
688 2319 819 2382 civibus.
1069 2327 1090 2391 5

172 2400 225 2461 Sic
247 2420 308 2482 ego
329 2397 479 2480 fulgentis
500 2397 703 2491 splendorem
723 2400 878 2483 pecuniae

170 2480 256 2546 Volo
278 2479 458 2540 sluciiieare
479 2489 597 2538 exitum
619 2480 713 2540 aetati
733 2501 840 2560 meas,

170 2563 219 2624 Ne
242 2559 274 2621 in
293 2578 330 2620 re
351 2558 435 2620 bons
454 2578 524 2620 esse
547 2558 674 2622 videam
691 2581 829 2645 nequam
848 2559 957 2626 filium.

92 2716 290 2735 ,,,........-...

125 2829 228 2893 Fragm.
246 2823 273 2876 6.
291 2841 358 2877 vers.
375 2823 401 2876 6.
421 2822 453 2875 In
470 2821 532 2876 eod.
550 2823 683 2877 vossiano
701 2823 841 2877 scribitur:
858 2825 890 2877 Si
903 2792 957 2876 cito
967 2821 1087 2894 fulgen·

94 2899 125 2961 ti,
143 2897 283 2960 sortepro
305 2893 351 2944 Sic
373 2895 427 2946 cito
445 2890 575 2963 fulgenti.
605 2920 640 2935 -
667 2891 738 2944 ibid.
755 2893 810 2945 Pro
830 2892 1000 2966 splendorem
1020 2903 1086 2949 vett.

92 2963 172 3019 codd.
189 2958 342 3034 splendore.
596 2964 598 2969 ⁴
708 2971 710 2979 ·

502 3181 674 3199 ἠ
