2386 3758
524 239 751 301 SENTENTIA&

57 410 69 442 ,·
101 393 286 459 “Utendum
309 389 416 453 amicis
434 401 513 470 tum,
534 397 740 453 cumeorum
760 387 853 471 eopia
874 400 936 455 est.-

93 477 99 487 '
124 474 237 534 Utrum
262 492 303 532 uc
325 490 430 531 casum
450 471 613 554 adspicere
637 470 744 545 debet,
766 471 821 551 qui
839 469 984 552 imperat.

204 495 310 615 Vblox
331 551 494 613 consilium
518 551 663 634 sequitur
682 549 887 631 poenitentia.

22 674 73 697 21
124 632 187 709 Vel
208 631 398 714 strangulari
417 632 535 714 pulcro
555 636 597 693 de
618 631 704 714 ligno
725 630 821 694 iuvat.

21 736 25 742 ¹
50 753 56 763 -
99 712 189 792 Vel
208 723 322 788 taceas,
342 712 395 773 vel
414 711 549 775 meliora
569 711 620 772 dio
644 710 778 775 silentio.

12 843 18 859 .
78 822 92 843 ·
111 790 224 854 ⁴¹Velut
243 803 414 874 postrema,
438 803 487 853 est
507 792 678 861 ordinanda
701 790 799 850 omnis
819 789 899 856 dies.

123 872 269 943 Verbum
288 893 381 934 omne
401 872 506 933 refert
524 871 556 932 in
579 893 672 994 guam
691 882 814 957 partem
833 869 998 952 intelligas.

60 1021 64 1027 ,
107 953 254 1022 Verum·
268 954 325 1015 eur'
345 973 410 1014 uon
434 953 591 1025 audimus‘.
617 951 702 1040 Quia
722 973 784 1014 non
804 948 947 1016 dicimus.

63 1096 86 1104 Α,
114 1032 251 1116 'Verum
274 1045 333 1110 est,
354 1033 443 1116 quod
462 1053 523 1114 pro
544 1034 645 1094 salute
668 1030 703 1092 fit
723 1029 921 1092 mendacium
943 1107 946 1113 ¹

17 1158 20 1163 «
48 1173 51 1179 ,
103 1113 318 1187 ,.*··Veterum
337 1111 473 1174 ferendo
494 1114 640 1174 iuiuriam
659 1112 771 1175 invites
790 1129 914 1174 novam.

124 1170 235 1256 Vicina
258 1189 354 1275 saepe
376 1195 451 1257 vitia
477 1207 549 1266 sunt
570 1193 752 1259 virtutibus.

71 1293 75 1299 ·
99 1272 215 1335 ·²Vinci
231 1273 376 1355 expedit,
397 1274 545 1336 damnosa
563 1274 620 1335 ubi
644 1285 693 1336 est
713 1270 856 1338 victoria.

62 1357 67 1372 ’
104 1351 383 1417 ‘Vino'vendibili
406 1375 556 1436 suspensa
576 1355 697 1416 hedera
718 1376 783 1414 non
807 1376 825 1415 o
850 1375 898 1415 us.

73 1435 182 1496 '’Vir
204 1433 330 1514 fugiens
351 1430 435 1492 haud
458 1445 601 1494 moratur
623 1447 810 1494 concentum
828 1375 927 1514 lyrae.

14 1574 16 1578 ,
54 1504 65 1528 ⁴
123 1513 194 1574 Viri
214 1511 290 1573 boni
314 1519 363 1569 est
382 1508 507 1571 nescire
526 1511 635 1571 facere
655 1513 809 1578 iniuriam.

64 1590 78 1634 ἶ
124 1593 253 1654 Virtute
279 1589 368 1672 quod
388 1609 451 1650 non
473 1590 587 1669 possis,
606 1588 757 1657 blanditia
776 1591 910 1660 auferas.

124 1669 244 1760 Virtuti
265 1683 407 1749 amorem
426 1688 520 1730 nemo
539 1667 672 1740 honeste
696 1667 842 1749 denegat.

27 1788 31 1794 ι
86 1756 88 1760 ‘
125 1747 246 1809 Virtuti
267 1745 379 1807 melius
403 1770 497 1833 quam
517 1750 678 1809 Fortunae
701 1747 853 1808 creditur.

19 1831 36 1899 ’,
86 1835 88 1840 ’
128 1826 384 1907 νὶνωῑίεκεροίἰα
406 1848 476 1890 cum
497 1829 595 1904 ridet,
619 1828 737 1912 gaudet
756 1823 872 1892 Labor.

124 1907 259 1971 Virtutis
282 1907 390 1970 vultus
410 1918 533 1991 partem
553 1907 650 1970 habet
670 1905 831 1971 victoriae.

96 1989 238 2062 '¹‘Virum
258 2008 298 2048 ne
321 1985 470 2050 habueris
491 1989 674 2073 improbum
691 1987 840 2052 comitem
860 1983 893 2045 iu
915 1982 977 2050 via.

81 2062 107 2109 ··'·
123 2068 180 2130 Vis
201 2068 346 2129 omnibus
371 2090 441 2130 esse
462 2069 577 2133 notus?
597 2071 692 2132 Noris
711 2067 877 2130 neminem.

26 2198 37 2214 .
124 2149 198 2222 Vita
219 2159 252 2210 et
273 2148 357 2209 fama
375 2149 510 2212 hominis
531 2150 690 2212 ambulant
709 2170 805 2232 passu
823 2144 904 2231 pari.

62 2248 67 2265 ·
86 2258 90 2263 ·
108 2236 110 2241 '
125 2229 232 2296 Vitam
251 2228 336 2312 regit
357 2229 498 2307 fortuna,
520 2253 584 2293 non
609 2231 770 2314 sapientia.

68 2297 87 2392 ‚⁴
124 2309 277 2370 Vitandae
299 2326 392 2370 causa
412 2311 548 2372 invidiae
572 2313 642 2374 vela
666 2309 870 2393 opulentiam.

86 2437 100 2461 ,.
113 2388 211 2449 *Vitia
232 2389 407 2450 inveterata
428 2389 602 2455 difficulter
626 2393 776 2474 corrigas.

68 2499 76 2537 ¹·
112 2462 243 2548 ‘Vitium
261 2467 435 2544 suit,«nunc
456 2491 525 2533 mos
546 2485 595 2533 est
615 2473 792 2536 assentatio.

45 2588 49 2630 t
89 2547 245 2631 ⁴¹'Vitium
265 2567 358 2620 omne
380 2571 508 2632 semper
527 2552 624 2615 babet
643 2551 855 2635 patrocinium
878 2569 980 2618 suum.

40 2628 91 2694 ,s'r'
106 2627 244 2692 Vitium
268 2628 420 2692 sollemne
442 2639 589 2694 fortunae
611 2645 661 2695 est
681 2632 840 2714 superbia.

70 2756 77 2765 .
100 2779 104 2789 Ι
125 2709 187 2770 Vix
210 2706 373 2790 quisquam
397 2712 509 2775 transit
531 2713 563 2773 in
585 2713 712 2787 bonurn,
733 2711 852 2772 nisiex
870 2712 964 2779 malo.

101 2786 279 2850 ‘Voluntas
299 2787 339 2846 im
365 2794 504 2869 udicum‚
525 2814 588 2854 non
610 2812 747 2874 corpus,
769 2790 858 2857 facit.
888 2844 891 2850 ,

25 2927 29 2934 .
123 2869 320 2949 Voluptase
365 2876 371 2888 '
411 2875 462 2936 cili
483 2875 555 2936 data
578 2871 757 2935 dulcissima
780 2882 837 2935 est.

125 2993 327 3010 Μ

125 3061 171 3120 etl.
187 3070 288 3120 Erasm.
312 3065 395 3134 Adug.
411 3068 514 3132 11,o.8.
532 3099 564 3108 -
581 3086 605 3118 v.
622 3083 683 3134 917.
700 3066 822 3119 Laudant
840 3075 871 3117 ut
887 3068 1045 3119 Publianum
1063 3084 1120 3118 ver·

124 3155 181 3187 sum
200 3138 304 3189 Gellius
328 3141 354 3188 et
371 3135 525 3187 Macrobius
543 3138 610 3188 locis
630 3133 742 3186 laudatis
763 3135 796 3186 ad
814 3155 837 3186 v.
857 3150 898 3202 77.
917 3166 949 3174 -
975 3152 997 3188 v.
1015 3136 1076 3200 918.
1095 3143 1122 3187 et

124 3224 147 3254 v.
164 3221 225 3270 919.
244 3208 275 3256 Ε.
293 3208 321 3256 Β.
349 3235 379 3243 -
406 3221 428 3253 v.
447 3216 506 3269 920.
526 3204 573 3254 Ed.
591 3206 621 3255 B.
640 3206 673 3255 V.
692 3205 792 3254 Erasm.
816 3205 1007 3270 ndag.11,6‚
1029 3209 1069 3258 20.
1088 3228 1122 3241 -

125 3292 148 3322 v.
172 3281 232 3339 921.
252 3273 344 3324 Eiusd.
360 3273 536 3323 Proverbiutn
553 3287 677 3338 graecum
696 3281 745 3322 est.
764 3274 867 3322 Erasm.
887 3272 971 3338 Adag.
989 3272 1010 3330 1,
1032 3272 1121 3335 to‚38,

126 3370 157 3382 —-
177 3360 201 3392 v.
219 3343 278 3407 928·
297 3339 387 3392 Eiusd.
418 3368 451 3377 -
475 3342 573 3405 v.9304
595 3357 677 3408 usquo
697 3337 809 3406 1111934.
827 3338 876 3389 Ed.
894 3340 923 3389 B.
955 3364 989 3377 ·-
1021 3355 1045 3392 v.
1061 3341 1120 3405 936.
