2386 3758
96 252 131 314 aa
364 211 413 298 mi
428 246 460 298 o.
479 243 632 298 cnroms
647 244 829 298 nrsrrcffls.

97 419 193 483 quam
212 393 300 481 quod
322 392 539 477 praefationes
559 391 690 476 singulis
716 393 806 456 libris
823 394 1022 477 praemissae
1043 419 1111 460 ma·

96 503 211 563 ximam
225 511 351 582 partem
370 496 505 559 insulsae
521 508 606 574 sunt,
622 497 654 557 in
669 496 820 557 Distichia
835 497 913 578 ipsis
927 497 1110 562 admodum

97 621 201 685 pauca
226 599 386 662 habentur
408 575 669 663 aiententiarum
690 601 743 680 vi,
766 600 929 677 acumine,
959 604 1110 666 novitate

96 702 355 780 commendanda,
374 716 485 766 contra
504 703 640 786 plurima
660 703 774 779 ieiuna,
786 701 945 785 languida,
957 702 1109 787 insipida.

96 807 210 868 Sermo
229 806 363 869 aicsatia
383 808 498 868 latinus
518 817 578 879 est,
598 806 654 866 aad
675 805 759 868 haud
777 821 842 866 uuo
863 807 937 870 loco
958 820 1017 870 aut
1037 824 1110 872 tau-

95 909 225 990 tologiis
244 909 423 989 distractus,
437 922 492 973 aut
510 910 553 970 ita
567 907 783 971 conformatus
795 920 833 969 ut
846 900 920 969 salia
935 926 1109 992 appareat,

96 1023 262 1072 auctorem
295 1013 424 1074 nimium
456 1022 608 1097 quantum
642 1011 815 1073 desudasse
848 1022 886 1072 ut
918 1013 1106 1077 versiculos

95 1131 169 1174 suos
198 1126 361 1199 utcunque
390 1114 609 1179 concluderet.
652 1113 718 1202 Qui
754 1114 857 1176 libelli
886 1117 1108 1199 patrocinium

97 1229 319 1298 susceperunt,
338 1229 375 1277 ut
390 1217 639 1300 Cannegieterus
660 1229 693 1279 et
711 1216 915 1297 Arntzeniua,
933 1218 979 1280 ita
993 1220 1109 1284 clienti

95 1339 152 1378 auo
179 1317 402 1398 opitulantur‚'
421 1330 457 1378 ut
482 1320 699 1403 praefationes
730 1331 764 1381 et
787 1322 942 1383 nonnulla·
963 1323 1108 1388 disticha

94 1420 202 1501 spuria
235 1427 267 1477 et
293 1421 375 1481 male
400 1420 520 1484 intrusa
540 1422 723 1501 declarent,
741 1422 801 1484 alia
824 1434 880 1484 cut
903 1423 1108 1506 iuterpreta-

96 1526 183 1586 tione
204 1519 306 1581 lenire
327 1535 382 1584 aut
400 1525 585 1588 criticorum
600 1523 804 1586 artificiorum
818 1520 1013 1587 commentus
1028 1547 1107 1590 cor·

92 1627 199 1707 rigere
221 1623 380 1690 studeant.
419 1629 465 1689 lta
490 1627 620 1710 quidam
639 1627 828 1710 insigniores·
847 1627 1004 1709 quosdam
1026 1650 1106 1694 nae·

93 1750 150 1792 vos
171 1727 299 1804 tollunt,
318 1729 377 1790 aed
395 1730 543 1796 universa
564 1730 654 1815 quani
681 1729 747 1792 oria
772 1727 961 1790 lineamenta
987 1742 1024 1792 et
1043 1732 1102 1795 ha·

92 1831 193 1891 bitum
216 1830 388 1893 emandare
406 1854 471 1893 non
496 1843 642 1913 possunt.
683 1831 867 1892 Sententiae
892 1829 1013 1894 breves
1041 1837 1104 1898 Ili·

93 1933 199 1993 arichis
219 1933 412 2014 praemissae
431 1933 649 1997 Diatichorum
669 1930 761 2019 quari
783 1930 931 1993 lemmata
959 1952 1033 1997 eata
1053 1938 1103 2000 vi·

93 2037 225 2115 dentur,
253 2050 287 2099 et
317 2035 488 2096 nonnullae
513 2037 725 2123 antiquiorem
744 2047 899 2117 aetatem,
927 2058 1023 2121 quam
1042 2041 1103 2102 Di·

94 2141 193 2204 alicha
213 2140 374 2205 redolent.
