2386 3758
135 252 173 304 eo
364 312 372 319 .
569 243 600 300 r.
625 202 701 294 inm

140 393 280 454 Subinde
300 391 360 453 bos
380 383 499 453 alieuns
520 398 706 474 'prospectat
724 382 823 453 foras.
942 393 957 433 ·'
1037 393 1042 400 '

40 467 42 471 ’
78 539 80 543 ,
105 551 107 555 ¹
140 472 338 533 Submissum
357 471 610 554 imperiumnon
628 482 721 539 tenet,
735 471 821 534 vires
842 484 923 529 suas.
1023 532 1026 543 ¹

140 552 310 613 Submittet
331 572 375 627 se,
399 572 479 636 quaa
500 573 535 614 se
557 552 669 634 eriget,
689 550 832 612 felicitas·
857 545 877 584 ⁴*
987 549 1016 570 ²
1074 549 1137 613 880

95 676 97 681 ·
139 632 210 693 Suis
232 633 288 718 qui
307 631 408 711 nescit
425 653 572 716 parcere,
594 631 725 692 inimicis
745 629 844 689 favet.
1047 645 1050 652 ¹

105 713 302 773 .Summum
321 712 369 773 ius
390 732 510 775 summa
528 713 718 794 plerumque
739 719 787 767 est
806 702 929 772 iniuria.
1010 755 1025 770 ,.
1084 767 1086 771 ,
1149 702 1169 765 ‚⁵

139 793 293 874 Suspecta
313 811 441 875 semper
461 801 642 856 ornamenta
661 785 849 852 ementibus.
1007 794 1025 831 -‘
1073 798 1074 802 ’
1103 780 1151 852 μὶ

138 871 283 956 Suspicio
308 873 368 934 sibi
391 874 460 957 ipsa
477 870 593 933 rivales
615 866 708 949 parit.
966 946 968 952 A
998 912 1000 918 .
1075 936 1079 941 ,

139 953 238 1014 Suum
259 955 404 1037 sequitur
422 955 528 1012 lumen
549 967 676 1030 semper
696 946 915 1015 innocentiam.
1074 949 1137 1016 885

132 1088 134 1093 .
166 1072 173 1083 -
218 1035 365 1096 Tacendo
386 1048 449 1094 non
468 1028 640 1089 incurritur
659 1027 848 1110 periculum.

111 1120 114 1127 “
140 1116 262 1174 Tacere
286 1115 341 1208 qui
360 1110 502 1182 nescibit,
521 1107 657 1169 nescibit
676 1107 775 1191 loqui.
844 1111 846 1118 '

67 1261 69 1267 ¹
139 1195 346 1254 'l'aciturmtas
368 1191 465 1251 stulto
486 1186 605 1250 homini
633 1188 867 1271 pro'aapientia
887 1201 945 1254 est.
1126 1237 1150 1266 .,

138 1274 157 1310 ³*
171 1278 248 1334 'Pam
261 1274 463 1345 deestavaro,
473 1267 561 1352 quod
568 1267 675 1338 habet,
687 1289 780 1352 quam
791 1267 1075 1361 quod‘nonhabpt,
1166 1297 1168 1301 ⁴

124 1354 273 1433 Tamdiu
293 1349 476 1410 discendum
498 1360 546 1409 est
568 1347 696 1426 homini,
717 1351 867 1444 quamdiu
886 1347 1014 1413 nesciat.
1036 1410 1039 1415 ,
1074 1348 1157 1433 89ο”

91 1490 98 1500 ,
142 1435 247 1493 Timet
291 1431 323 1489 ui
343 1439 575 1512 paupertatem,
596 1450 690 1513 quam
709 1430 866 1492 timendus
888 1433 951 1494 est!
1136 1446 1139 1452 ’

64 1569 65 1572 ,
94 1534 106 1586 j
127 1514 157 1568 .*
179 1453 319 1570 Timidus
342 1519 434 1571 vocat
453 1529 488 1570 se
513 1519 650 1589 cautum,
670 1528 802 1593 parcum
823 1512 982 1580 sordidus.

139 1595 346 1652 Tormentum
367 1599 417 1650 est
439 1590 543 1668 dulce,
564 1589 621 1652 ubi
637 1611 740 1675 aequo
758 1590 915 1673 premitur
935 1590 1096 1676 gaudium.

139 1670 202 1730 Tui
224 1689 296 1730 cum
314 1669 430 1748 sitiant,
450 1692 489 1732 ne
512 1691 603 1756 agros
627 1671 745 1733 alienos
765 1672 846 1754 riga.
939 1703 946 1711 ·

139 1755 248 1831 Turpe
271 1754 329 1829 est,
351 1773 432 1839 quae
453 1753 559 1836 inopia
578 1752 719 1812 nascitur
740 1751 779 1813 de
803 1743 915 1834 gloriai.
1049 1778 1051 1786 ¹
1076 1744 1140 1836 885

91 1831 256 1925 ·-Turpis
276 1831 474 1906 iactura'est‚
497 1852 578 1917 quae
599 1833 637 1892 fit
657 1831 857 1914 negligentia.
939 1849 951 1863 “
973 1854 991 1907 t,
1088 1826 1094 1839 ’

139 1911 345 1974 Tutissimum
369 1925 417 1974 est
435 1914 549 1974 timere
570 1911 613 1971 nil
632 1923 760 1992 praeter
786 1911 890 1975 deum.

218 1992 280 2053 Ubi
302 1994 409 2075 coepit
427 1987 552 2075 pauper
571 1991 703 2051 divitem
724 1989 850 2065 imitari,
869 1988 966 2072 perit.
1151 2038 1168 2053 ..

139 2073 329 2157 Ubicunque
349 2072 456 2155 pudor
476 2084 533 2146 cst,
553 2089 680 2151 sempor
702 2069 751 2129 ibi
771 2079 874 2130 sancta
896 2081 945 2130 est
964 2065 1056 2137 fides.
1114 2075 1122 2091 ’“
1149 2069 1176 2105 ··’

139 2153 202 2215 Ubi
221 2153 286 2213 fata
306 2164 448 2235 peccant,
469 2149 630 2211 hominum
644 2148 772 2212 consilia
790 2147 952 2216 excidunt.
1071 2169 1134 2235 9⁰⁰
1151 2140 1174 2196 *a

139 2233 202 2294 Ubi
222 2233 370 2296 innocens
390 2231 548 2309 formidat,
570 2229 694 2292 damnat
713 2229 865 2296 iudicem.

140 2311 204 2374 Ubi
222 2312 355 2372 maxime
373 2309 538 2394 gaudebis,
559 2322 681 2372 metues
700 2309 846 2376 maxime.
1131 2385 1137 2393 ,

140 2393 203 2454 Ubi
219 2391 317 2450 omnis
338 2392 402 2452 rita
422 2403 525 2452 metus
547 2404 608 2457 est,
628 2410 715 2451 mors
737 2402 785 2451 est
805 2390 969 2472 optimum.
1152 2431 1176 2472 ¹.

140 2473 160 2510 ⁴⁸
179 2471 242 2534 Ubi
262 2483 374 2553 peccat
396 2482 479 2532 aetas
500 2471 611 2545 maior,
628 2474 709 2532 male
735 2470 826 2532 discit
845 2471 958 2537 minor.
1000 2475 1019 2539 “,

139 2554 254 2614 Ulcera
276 2551 368 2611 animi
389 2551 522 2613 sananda
542 2553 640 2638 magis
661 2573 755 2639 qnam
777 2552 937 2632 corporis.
1075 2560 1135 2638 905

140 2635 228 2694 Unus
246 2632 313 2693 dies
334 2652 470 2714 poenam
487 2631 593 2712 affert,
612 2637 703 2697 multi
724 2633 871 2715 cogitant.

141 2715 227 2774 Unus
252 2731 345 2799 quam
364 2713 455 2775 multi
473 2711 595 2777 facilius
617 2713 803 2780 consentiet.
866 2788 869 2797 ι

152 2863 331 2880 *-

142 2954 222 3004 Aiace
242 2970 265 3000 v.
288 2948 346 3016 554·
372 2975 406 2988 -
433 2966 456 3000 v.
480 2951 539 3016 878.
566 2951 615 3002 Ed.
633 2953 661 3002 B.
682 2952 855 3018 Proverbinm
873 2956 1007 3009 Graecum
1033 2955 1133 3005 Eraam.
1150 2965 1173 3020 '¹

142 3023 226 3087 Adag.
244 3021 266 3083 1,
287 3019 434 3083 10,62.-·
453 3036 474 3068 v.
493 3024 553 3075 882.
571 3022 599 3071 E.
619 3022 646 3070 B.
671 3049 704 3059 -
731 3040 754 3071 v.
773 3023 831 3073 885.
850 3025 915 3076 Both
934 3025 1136 3083 innocerm'am5

142 3093 228 3154 arrigo.
250 3089 415 3139 i'unocentiu.
432 3087 611 3138 Drsbillonius
629 3087 784 3157 adscripsit:
804 3093 882 3160 Lege,
900 3094 982 3145 Suram
998 3109 1134 3160 itaquese-

143 3160 236 3228 quitto·
254 3157 342 3217 iumen
356 3157 522 3205 r'nnocentia.
536 3184 567 3194 ·-
584 3173 607 3205 v.
626 3156 685 3207 886.
703 3159 732 3207 E.
752 3159 781 3213 B.
807 3190 840 3202 -
864 3179 887 3210 v.
908 3164 967 3225 889.
989 3161 1059 3212 Ciiat
1076 3168 1134 3208 tan·

144 3244 223 3292 quiam
242 3225 329 3275 Publii
349 3225 450 3273 Seneca
467 3224 627 3275 controvers
644 3225 705 3291 111,
729 3234 768 3292 17.
803 3256 837 3268 -
875 3247 897 3277 v.
923 3230 980 3293 39¹·
1004 3227 1053 3277 Ed.
1072 3228 1099 3276 B.
1120 3245 1134 3278 e

143 3293 203 3344 cod.
222 3295 333 3361 Frising.
351 3291 397 3341 ubi
414 3291 452 3341 sic
471 3290 597 3342 habetur:
619 3294 676 3359 Qui
686 3296 762 3345 timet
778 3306 971 3365 perapertatem,
988 3312 1068 3363 prtum
1080 3306 1097 3344 t.
1110 3312 1134 3344 e.

143 3390 174 3401 -
193 3360 252 3427 894.
270 3363 300 3411 E.
319 3358 396 3411 Both.
415 3388 447 3399 -
465 3376 488 3409 v.
505 3374 565 3425 911.
583 3366 610 3411 ci
625 3366 685 3417 0¹2·
703 3364 732 3413 E.
744 3364 770 3413 B.
783 3365 867 3413 Prior.
887 3364 1022 3432 paroemia
1040 3380 1132 3431 graeca
