2386 3758
145 246 178 299 18
577 239 605 290 P.
631 238 706 290 SYltl

83 420 103 463 2.
143 392 246 450 Nemo
269 409 345 451 esss'
360 383 456 448 iudex
479 385 510 446 in
531 405 586 447 sua
607 404 699 446 causa
722 396 839 467 potest.

51 466 86 491 ·’
144 469 163 505 ⁴*
186 472 287 532 Nemo
307 470 474 529 immature
495 468 641 543 moritur,
662 465 717 561 qui
736 466 873 527 moritur
891 464 1031 543 miserq·
1123 514 1126 519 .

143 549 161 585 ⁴*
181 551 293 625 Nemo,
314 550 369 635 qui
393 546 499 628 coepit
520 567 626 624 exse,
647 544 923 627 risumpraebuit.
984 608 990 617 ,
1084 547 1149 611 525

142 631 244 690 Nemo
265 641 328 689 tam
350 648 472 710 pauper
492 627 569 689 vixit
589 647 684 710 quam
702 638 795 686 natus
815 624 887 686 fuit.

122 711 245 769 Nemo
266 708 407 770 timendo
427 709 467 768 ad
487 728 643 768 summum
667 706 815 788 pervenit
834 706 950 766 locum.
976 764 981 770 .
1083 730 1086 735 ·

142 792 191 850 Ne
210 789 282 884 plus
305 790 471 871 promittas
493 807 595 881 quam,
607 786 762 867 praestari
781 786 912 869 possiet.
1000 808 1003 815 ·

143 871 291 951 Nequitia
308 890 411 951 poena
433 887 567 927 mamma
586 878 719 947 ipsamet
740 878 790 927 est
813 866 871 926 sui.
1098 908 1107 923 .
1139 934 1143 939 Ι

141 949 255 1009 Nescio
277 950 353 1033 quid
374 950 510 1029 cogitat,
531 966 603 1005 oum
623 945 740 1006 bonum
760 947 900 1007 imitatur
919 942 1031 1007 melus.
1082 948 1148 1013 530·
1174 1012 1179 1023 ,

142 1031 189 1089 Ne
211 1039 257 1104 tu,
279 1052 372 1114 quam
394 1026 511 1101 multis,
533 1026 589 1085 sed
610 1027 724 1108 quibus
744 1028 881 1107 placeaS,
901 1023 984 1087 vide.
1047 1074 1052 1085 .
1124 1098 1129 1111 ι
1151 1024 1167 1081 .‘

109 1120 111 1125 '
140 1108 225 1179 Nihil
246 1131 342 1191 agere
365 1127 493 1187 semper
512 1106 634 1165 infelici
655 1117 704 1165 est
727 1109 891 1186 optimum.
1070 1110 1075 1117 '

140 1189 223 1248 Nihil
249 1190 335 1248 aliud
356 1188 416 1246 seit
436 1186 606 1245 necessitas
628 1205 722 1267 quam
742 1187 880 1246 vincere.

142 1269 160 1306 ³*
181 1269 265 1329 Nihil
287 1266 383 1346 eripit
404 1267 556 1337 Fortuna,
576 1263 634 1322 nisi
655 1264 742 1345 quod
763 1277 796 1325 et
816 1264 913 1327 dedit.
1014 1280 1034 1293 ·“
1086 1326 1090 1335 ,
1180 1284 1183 1291 ’

139 1349 224 1408 Nihil
250 1358 300 1406 est
320 1344 475 1420 miseriae,
500 1366 593 1426 quam
614 1343 667 1404 ubi
686 1343 802 1425 pudet,
823 1346 910 1429 quod
930 1344 1065 1409 feceris.
1080 1350 1155 1417 535,

141 1428 227 1487 Nihil
252 1437 301 1485 est
321 1424 476 1499 miserius,
498 1445 592 1507 quam
613 1425 685 1485 mali
706 1424 824 1485 animus
846 1427 1000 1488 conscius.
1178 1420 1183 1451 ·'

140 1506 226 1565 Nihil
249 1515 307 1579 est,
328 1503 415 1587 quod
435 1516 525 1566 cauto
546 1504 640 1565 simul
659 1526 733 1587 agas
758 1517 790 1565 et
810 1506 972 1569 celeriter..

141 1584 226 1645 Nihil
249 1583 387 1666 exigenti
407 1598 571 1666 praestare
593 1598 643 1646 cst
662 1586 924 1667 pulcherrimum.
962 1608 968 1629 ν
1049 1633 1057 1645 .
1175 1648 1181 1665 ,

142 1665 195 1724 Nil
217 1664 315 1746 magis
336 1677 418 1726 amat
438 1667 591 1749 cupiditas
612 1689 706 1750 quam
726 1665 770 1743 id,
792 1667 878 1749 quod
898 1687 963 1728 non
982 1667 1071 1731 licet.
1096 1687 1105 1713 ·'
1151 1662 1155 1671 ¹

139 1745 192 1805 Nil
212 1767 275 1806 non
295 1744 445 1807 acerbum
461 1749 549 1830 prius
570 1768 664 1830 quam
687 1758 847 1806 maturum
867 1745 942 1807 fuit‘
976 1778 982 1785 ·
1078 1752 1170 1827 540¹.

141 1825 191 1886 Nil
212 1848 276 1888 non
300 1840 353 1889 aut
375 1828 453 1888 lenit
474 1841 527 1890 aut
548 1828 656 1888 domat
676 1826 873 1887 diuturnitas.
1123 1824 1128 1837 '
1156 1818 1180 1843 ‘'

142 1906 160 1942 '¹‘
180 1905 232 1966 Nil
254 1918 388 1989 peccent
410 1908 505 1983 oculi,
525 1908 552 1966 si
573 1907 692 1966 animus
714 1907 813 1968 oculis
835 1906 981 1987 imperet.

96 1990 99 1995 '
137 1987 188 2047 Nil
213 2007 307 2068 posse
328 2006 518 2070 quenquam,
538 1997 699 2046 mortuum
722 1985 784 2047 hoc
805 1997 855 2047 est
874 1986 994 2049 vivere.

88 2069 91 2075 '
141 2067 193 2125 Nil
214 2067 382 2148 proprium
403 2066 511 2142 ducas,
531 2064 620 2148 quod
640 2067 755 2139 mutari
774 2067 905 2147 possiet.
1149 2126 1152 2133 ,
1180 2124 1183 2135 ,

136 2146 187 2225 Nil
208 2158 303 2227 turpe
324 2145 419 2205 ducas
440 2166 501 2227 pro
522 2144 629 2204 salutis
648 2147 801 2207 remedio.
971 2210 974 2216 ,
1079 2152 1162 2231 645·

137 2224 157 2261 ⁴*
177 2225 228 2285 Nil
248 2224 372 2305 turpius
393 2246 485 2308 quam
505 2225 617 2285 vivere
637 2224 786 2318 incipiens
808 2247 913 2289 senex.
1028 2222 1031 2227 ⁴
1151 2238 1155 2247 '

128 2304 239 2389 ,Nimia
258 2304 441 2385 simplicitas
461 2304 556 2366 facile
578 2304 767 2387 deprimitur
787 2306 879 2370 dolis.

130 2384 164 2435 '*.
177 2384 314 2444 Nimium
328 2385 508 2447 altercando
523 2385 639 2446 veritas
654 2387 815 2448 amittitur.
910 2428 914 2433 ·

112 2518 123 2530 ,.
139 2464 278 2525 Nimium
297 2463 372 2524 boni
394 2476 443 2525 est
463 2465 495 2525 in
514 2477 629 2542 morte,
648 2465 676 2526 si
695 2466 739 2527 nil
759 2467 800 2527 sit
821 2468 902 2529 mali.

136 2544 275 2605 Nimium
296 2543 456 2607 tendendo
477 2546 582 2627 rumpi
602 2545 762 2607 funiculus
783 2548 876 2609 solet.
1074 2552 1140 2619 55⁰

137 2624 205 2687 Nisi
228 2624 423 2706 ignorantes,¹
440 2646 491 2688 ars
512 2646 640 2689 osorem
659 2648 724 2690 non
746 2626 852 2689 habet.
1079 2646 1083 2653 ·

137 2935 229 2987 usal.
243 2954 277 2975 ι·
298 2950 323 2984 v.
345 2928 1054 3018 595.EudemsententiaspudSenecamDeconstant.
1075 2958 1170 3015 sap-3,

137 3002 1140 3143 {talliis:tlnlttllltl‘tt.{l‚t1ltt'¹l.t.tt2“letti
1158 3072 1173 3113 -·

135 3167 168 3177 —
198 3156 221 3187 v.
246 3139 304 3189 536.
327 3139 368 3190 Ed
395 3138 470 3189 llotls.
505 3142 583 3191 etiam
606 3138 662 3191 duo
686 3158 775 3199 versus
793 3153 933 3211 sequentes
956 3170 989 3181 —
1030 3160 1053 3193 v.
1071 3144 1139 3214 540.
1155 3142 1168 3167 ”

134 3204 314 3257 Desbillonius
331 3210 482 3273 transponit
501 3210 578 3259 metri
599 3226 677 3260 causa
697 3210 743 3259 Nil
766 3228 821 3260 saon
838 3213 918 3279 prius
940 3209 1082 3264 acerbum.
1103 3236 1152 3265 -r
1166 3204 1181 3227 '⁰

134 3291 158 3322 v.
179 3271 236 3339 547.
256 3273 305 3325 Ed.
321 3274 397 3325 Both.
417 3305 449 3315 -
468 3292 491 3324 v.
510 3276 569 3340 548.
587 3277 675 3327 Publii
694 3278 767 3345 Syri,
786 3281 898 3330 testibus
918 3280 952 3329 ad
970 3298 993 3328 v.
1012 3294 1054 3345 77-
1073 3285 1153 3336 lau-.-
1179 3294 1183 3309 ¹

135 3340 204 3393 datis
221 3369 254 3385 -·
277 3360 301 3395 v.
323 3344 382 3397 550.
409 3342 459 3396 Ed.
486 3344 563 3397 sou.
597 3340 774 3399 Proverbium
805 3363 938 3414 graecum.
966 3347 999 3397 V.
1028 3351 1150 3405 Eranam.-
