2386 3758
159 248 190 301 ιο
357 318 359 323 Ι
561 254 566 261 ·
579 238 609 289 P.
629 237 704 291 srnl

153 389 309 451 Medicina
330 390 398 451 sola
422 399 469 449 est
488 388 687 450 miseriarum
707 386 838 452 oblivio.
872 406 876 414 ’

89 498 98 505 -
156 471 349 531 Medicorum
370 469 477 528 nutrix
498 480 547 529 est
570 469 665 529 intem
691 469 819 532 orantia.
906 519 909 525 ,

153 550 272 610 Melius
297 562 346 611 est
371 549 542 631 quidquam
566 548 652 629 possi
676 550 724 609 eri
744 569 839 632 quam
859 541 946 607 nihil.

153 629 303 690 Meretrix
323 642 371 691 est
391 630 633 690 instrumentum
652 627 871 693 contumeliae.
1099 684 1102 689 .

91 768 94 775 ,
152 709 357 770 Metuendum
377 729 503 790 semper
526 721 575 770 est
596 709 644 786 ei,
663 709 751 792 quod
775 719 879 769 tutum
899 701 993 768 uelis·
1093 702 1158 787 465

152 793 260 850 Metue
281 800 455 850 senectam:
476 788 642 850 nonenim
662 788 730 849 sola
752 788 886 852 advenit.
1160 800 1166 819 ⁸

94 882 119 897 ·'
153 872 239 930 Metu
254 869 416 950 respicere
436 889 500 929 non
521 868 641 943 solent,
663 888 736 929 eum
759 867 836 952 quid
855 867 949 928 iuvat.
1011 918 1014 928 .

156 951 258 1009 Metus
279 949 443 1030 improbos
470 948 661 1027 compescit,
682 968 745 1008 non
765 945 944 1010 elementia(
1026 970 1034 1031 j
1118 970 1122 979 ·
1188 966 1192 975 ·

80 1042 81 1046 ’
147 1031 254 1088 :Metus
277 1049 350 1090 eum
376 1028 478 1103 venit,
500 1047 563 1086 non
585 1026 683 1087 habet
703 1047 830 1090 somnus
851 1028 966 1087 locum.
988 1025 1016 1079 fi.
1174 1094 1178 1099 ,

141 1107 174 1153 ⁴23³·
199 1108 360 1169 Minimum
382 1107 477 1188 cripit
500 1106 659 1181 Fortuna,
680 1108 731 1166 cui
750 1107 913 1167 minimum
936 1104 1035 1177 dedit.
1061 1114 1150 1188 '470
1174 1156 1177 1163 .

153 1189 174 1235 e·
195 1189 296 1261 Minus
321 1187 497 1266 decipitur,
518 1185 571 1246 eui
591 1197 725 1265 negatur
746 1186 904 1251 celeriter,
1184 1186 1190 1197 ‘

40 1274 79 1301 ‘¹
108 1321 111 1329 i
152 1270 253 1330 Minus
275 1280 323 1329 est
343 1286 439 1349 quam
459 1285 570 1327 servus
588 1264 754 1343 deminus,
778 1265 833 1348 qui
853 1286 964 1328 servos
986 1250 1108 1332 timet.¹
1136 1350 1140 1355 Ι
1187 1339 1192 1353 ·

151 1350 253 1411 Minus
274 1366 370 1426 saepe
391 1363 525 1424 pecces,
546 1345 573 1405 si
593 1344 690 1422 scies,
712 1345 790 1440 quid
809 1346 982 1408 nescisse

93 1453 94 1458 ¹
151 1430 310 1493 ²22³'Misera
331 1435 380 1485 est
400 1424 564 1506 voluptas,
588 1424 645 1485 ubi
664 1425 777 1507 pericli
797 1426 948 1487 memoria
969 1437 1030 1493 cst.

107 1569 110 1575 ,
151 1509 257 1567 Μὶεεπ
271 1524 341 1565 esse
360 1503 463 1565 horrus
491 1505 537 1566 vir
555 1526 619 1567 non
639 1518 762 1600 potest,
783 1506 845 1568 dici
865 1517 977 1587 potest.

77 1610 86 1645 .·
152 1584 261 1645 Miseri
281 1596 329 1667 est
348 1583 470 1646 nescire
490 1585 556 1648 sine
576 1588 699 1669 periclo
718 1589 838 1650 vivere.

148 1664 335 1725 'Misericors
360 1663 436 1725 civis
480 1667 577 1728 atriae
599 1679 648 1729 est
668 1669 856 1730 consolatio:

141 1752 173 1790 *³²
194 1744 434 1807 Miserrimaest
455 1687 600 1827 Fortuna,
621 1768 703 1831 quac
724 1748 850 1818 inimico
871 1761 968 1829 earet,
981 1752 996 1779 ·’
1039 1812 1042 1823 ,

83 1830 120 1854 ·'·
152 1823 327 1903 Miserrima
348 1824 562 1905 esti'ortuna,
587 1849 670 1911 quae
692 1828 941 1889 inimicos‘latet.

152 1905 363 1984 Miserrimum
385 1914 434 1967 est
448 1908 584 1970 arbitrio
606 1908 735 1969 alterius
757 1908 877 1973 vivere.
986 1956 990 1963 .

153 1987 304 2048 Miserum
326 1999 374 2047 est
397 1997 505 2048 tacere
523 1986 612 2069 cogi,
638 1987 726 2079 quod
754 1988 860 2068 cupias
883 1989 984 2073 loqui.
1056 2002 1059 2010 “

154 2066 304 2128 Miserum
326 2066 399 2127 dico
420 2066 520 2143 illum,
540 2067 596 2150 qui
615 2065 677 2125 fun
696 2088 854 2150 nunquam
877 2071 988 2134 miser.

139 2148 244 2215 ,Mora
264 2145 463 2227 cogitationis
484 2145 646 2228 diligentia
669 2159 725 2207 est.
775 2171 777 2176 ·
893 2159 897 2166 “
996 2214 1004 2228 ῃ
1109 2223 1111 2229 Ι

91 2264 95 2269 -
153 2228 243 2286 Mora
261 2225 363 2289 omnia
385 2225 460 2286 odio
482 2237 541 2301 est,
564 2225 627 2289 sed.
643 2224 721 2288 facit
740 2228 933 2309 sapientiam.
989 2272 1014 2314 k-

66 2376 69 2383 ⁴
153 2305 284 2366 Morbos
300 2304 568 2366 feceruntmulta
587 2306 704 2368 multos
724 2306 856 2370 fercula.

153 2387 260 2447 Mores
281 2384 372 2445 amici
391 2381 531 2461 noveris,
551 2406 615 2448 non
638 2388 754 2453 oderis.

153 2467 260 2527 Mores
281 2464 414 2526 dicentis
438 2452 570 2526 sinadent
589 2468 662 2548 plus
682 2478 775 2551 quam
797 2469 913 2534 oratio.'
951 2485 964 2496 ’
1022 2503 1026 2511 ·

155 2545 238 2606 Mori
257 2557 306 2606 est
324 2544 442 2616 felicis,
465 2558 631 2629 antequam
651 2560 787 2610 mortem
807 2550 942 2611 invocet.
1020 2560 1046 2620 f
1146 2554 1149 2561 '

155 2624 461 2706 Morinecesse‘est,
481 2625 631 2707 sednon,
652 2629 776 2711 quoties
800 2630 947 2693 volueris.
1028 2709 1030 2713 ,
1066 2711 1074 2724 ι

163 2773 329 2792 *-

156 2872 243 2933 putam
261 2867 404 2921 lectionem
422 2867 526 2920 Malum
541 2869 656 2936 alienum
665 2887 698 2920 ne
712 2867 814 2938 seceris
829 2881 904 2922 tuum
921 2868 1063 2940 gizudiurn,
1080 2872 1169 2939 Dos-‚1

157 2934 252 2984 hillen.
272 2937 309 2985 ita
327 2935 464 2990 emendat:
491 2937 602 2991 Malum
625 2939 740 2989 alienum
762 2958 795 2990 tae
808 2937 912 3007 seceris
936 2941 987 2991 tibi
1005 2938 1171 3007 guardiam·

158 3033 189 3042 -
206 3020 228 3051 ν.
248 3004 308 3058 455.
322 3004 371 3054 Ed.
390 3004 466 3055 Both.
484 3030 517 3044 -
533 3025 557 3058 v.
576 3007 637 3072 459.
654 3007 703 3057 Ed.
730 3009 808 3066 Both,
836 3025 869 3059 ex
887 3025 983 3074 graeco
1001 3010 1184 3077 proverbio.·.

158 3071 192 3121 V.
210 3070 309 3122 Erasm.
328 3072 411 3139 Adag.
430 3073 478 3138 ΙΙΙ,
497 3073 523 3139 5,
545 3088 584 3127 ιι.
603 3105 637 3115 -
649 3090 671 3123 v.
681 3074 739 3140 462.
747 3077 797 3127 Ed.
816 3076 893 3127 Both.
911 3086 941 3126 ut
962 3092 1028 3128 vers.
1047 3076 1171 3140 466.·1'=‘·'

158 3157 180 3188 v.
202 3140 261 3203 465.
279 3139 426 3190 Desbilion.
444 3143 521 3208 legit:
540 3141 718 3194 Metuendnm
734 3146 949 3215 semperilkest,
967 3161 1044 3213 quem
1059 3156 1153 3197 tutum

157 3208 277 3262 velust—
288 3208 348 3273 466.
360 3208 409 3257 Ed.
420 3210 496 3261 Both.
505 3239 538 3250 -
546 3228 570 3260 v.
588 3212 648 3278 473.
667 3212 766 3281 Scripsi
776 3213 846 3285 qnid
853 3214 1022 3264 Desbiilonio
1036 3221 1153 3267 auctore

159 3293 209 3344 pro
227 3278 333 3344 vulgato
352 3275 437 3346 quod.
455 3306 488 3318 -
505 3296 528 3327 v.
546 3280 605 3344 476.
619 3280 767 3333 Desbilion.
786 3283 886 3333 Miseri
900 3295 942 3333 est
954 3282 1060 3332 ›ceseii-e
1077 3299 1105 3330 se
1121 3285 1153 3333 in
1175 3296 1178 3301 '

157 3344 281 3413 periculo
295 3344 437 3397 vivere-
448 3363 471 3397 v.
489 3344 547 3413 485.
566 3356 632 3400 etv.
651 3346 710 3415 487.
728 3351 776 3400 Ed.
794 3351 910 3403 ooth...
922 3368 946 3399 v.
965 3348 1025 3416 490.
1043 3350 1156 3424 Euripi-n
