2386 3758
142 247 176 302 3⁶
398 235 631 288 uoncsrictn
651 236 696 287 nu
722 234 884 288 uentus.

143 388 216 447 Alta
237 384 353 446 cadunt
374 383 466 461 odiis,
486 403 585 465 parve
606 382 803 447 extolluntur
825 400 944 446 amore.

144 466 288 526 Criminis
309 463 433 525 indultu
457 485 569 525 secure
590 463 722 527 audacie
744 462 873 527 crescit
1110 483 1146 528 20

142 546 330 686 1(pucmlibet
350 545 496 627 ignavum
517 545 594 606 iecit
616 543 680 605 iudi
724 543 787 606 atio
812 542 944 608 fortem.

174 628 280 688 ivitiae
300 626 469 707 trepidant,
488 637 661 708 paupertas
766 643 855 685 ures
876 634 936 688 eet.

142 708 237 770 Haud
253 707 351 767 homo
372 707 557 788 cuipandun
580 705 705 788 quando
728 705 826 766 estin
849 701 980 766 crimine
1002 723 1107 770 cesus.

141 790 206 849 Fac
228 806 310 871 quae
330 797 363 846 te
384 809 443 869 par
464 787 514 862 sit,
537 804 600 844 non
624 785 706 847 alter
726 784 813 869 quod
832 795 1004 851 mereatur,

145 866 316 947 Dissimilis
337 868 458 929 cunctis
482 878 531 927 est
551 864 668 942 vultus,
686 864 763 942 vita,
783 864 953 955 voluntas„
1029 930 1034 945 ,
1110 867 1148 932 '25

142 950 253 1049 Ipsum
270 949 444 1011 sei'eruciat
464 944 674 1028 desaevitque
691 944 822 1006 invidus·
837 944 870 1005 in
890 956 946 1009 se.'
973 1012 975 1017 ,
1012 966 1025 975 ··
1053 966 1069 977 ¹·

143 1029 278 1109 bemper
297 1027 468 1110 pauperies
489 1036 655 1107 quaestum
676 1024 860 1105 praedivitis
881 1036 986 1108 auget.

142 1111 256 1190 Magno
277 1105 442 1168 conficitur
462 1104 642 1165 discrimine
663 1125 716 1164 res
735 1104 948 1169 memoranda.

142 1193 245 1250 'l'erra
267 1188 366 1249 omnis
389 1185 489 1266 petria
511 1195 559 1243 est
585 1206 648 1268 qua
668 1185 828 1246 nascimur
848 1196 881 1248 et
899 1184 1107 1255 tumulamur.

145 1271 267 1349 Aspera
288 1285 445 1346 perpessu
465 1262 543 1323 fiunt
562 1264 698 1325 incunda
722 1264 836 1330 relatu.
1104 1266 1146 1335 30

143 1347 257 1409 ⁴dorius
278 1345 456 1426 appetimus
476 1364 567 1417 nova,
588 1367 681 1428 quam
701 1344 762 1405 iam
782 1357 872 1426 parta
891 1356 1048 1414 tenemus.

142 1427 277 1488 Labitur
298 1446 338 1484 ex
364 1423 467 1485 animo
487 1424 703 1503 benefactum,
722 1425 836 1487 iniuria
852 1427 956 1493 durat.

143 1507 236 1568 Tulle
257 1504 331 1564 mali
350 1514 461 1577 testes,
483 1504 585 1567 levius
605 1507 686 1568 mala
705 1517 815 1573 nostra
835 1505 988 1570 feremus.

143 1587 267 1666 Sperne
288 1584 430 1646 lucrum:
453 1596 559 1647 versat
577 1597 699 1654 mentes
720 1607 835 1651 resena
856 1584 968 1651 libido.

143 1664 270 1726 Fraude
292 1676 410 1744 curete,
435 1687 564 1749 graves:
588 1667 698 1751 ignari,
719 1665 823 1730 cedite
844 1666 955 1730 doctis.
1107 1668 1151 1737 35

143 1745 260 1810 Lusuri
279 1766 434 1828 nummos,
455 1748 573 1808 animos
595 1769 730 1832 quoque⁴
746 1767 868 1830 ponere
890 1746 1023 1815 dehent.

144 1825 241 1888 Irasci
262 1826 363 1890 victos
386 1828 513 1889 minime
533 1828 651 1909 placet,
671 1827 791 1910 optime
810 1825 926 1892 frater.

143 1907 258 1968 Ludite
279 1906 396 1982 securi,
416 1906 530 1991 quibus
551 1927 604 1969 aes
625 1921 674 1971 est
695 1928 823 1991 semper
842 1908 875 1968 in
896 1926 980 1973 eree·

144 1987 178 2048 Si
199 1986 269 2071 quis
293 1986 411 2048 habens
432 2008 577 2050 nummos
598 1990 717 2064 venies,
739 1987 838 2049 exibis
862 1987 969 2051 inanis.
1084 2052 1090 2063 ,
1142 2054 1147 2061 ,

144 2068 261 2129 Lusori
284 2067 401 2149 cupido
423 2087 551 2149 semper
571 2069 675 2162 gravis
697 2068 799 2131 exitus
820 2069 923 2129 instat.
1107 2078 1151 2146 4ο

146 2148 259 2208 Sancta
279 2147 390 2231 probis
410 2167 473 2228 pax
490 2158 553 2207 est:
574 2149 666 2217 nasci
687 2147 795 2209 desine
817 2148 934 2215 victur.

144 2228 257 2287 Nullus
277 2226 400 2310 ubique
420 2236 528 2315 potest
547 2224 635 2288 felici
654 2226 768 2293 ludere
792 2227 912 2290 dextra.

145 2307 251 2369 lniicio
271 2304 383 2382 furias,
403 2325 465 2388 ego
486 2326 555 2367 sum
576 2307 677 2368 tribus
698 2307 804 2369 addita
831 2321 956 2393 quarte.
992 2379 997 2389 ,

145 2389 257 2448 Plecte
279 2396 389 2447 truces
410 2385 540 2464 animos,
560 2398 598 2448 ut
618 2408 696 2451 vere
716 2388 830 2450 ludere
850 2388 965 2472 possis.

146 2467 260 2530 Ponite
280 2476 403 2537 mature
426 2464 557 2547 bellum,
577 2487 707 2559 precor,
730 2470 841 2560 iraque
867 2480 983 2539 cesset.
1110 2477 1153 2548 45

149 2620 347 2642 ‘quanm—nnn*

148 2733 256 2783 cautior
274 2743 342 2791 esto.
361 2757 394 2770 -
412 2748 436 2781 v.
455 2745 496 2783 ai.
513 2731 602 2787 Heius.
620 2732 654 2788 ad
668 2733 747 2785 oud
762 2735 847 2804 Epist.
863 2735 911 2787 Vl.
932 2731 991 2801 140.
1002 2732 1153 2802 legendum

148 2809 256 2852 censet:
280 2798 432 2864 Quamlibet
451 2800 582 2867 ignavum
597 2803 614 2852 i.
633 2819 658 2854 e.
675 2803 896 2869 Quamcumlibet.
913 2831 947 2844 -
971 2822 996 2854 v.
1013 2807 1056 2863 25.
1076 2800 1152 2859 cod.

148 2869 261 2920 Patavii:
281 2868 431 2919 Dissentilis
450 2872 558 2921 curretis
575 2887 641 2934 vox,
654 2870 767 2933 vulms,
785 2872 1011 2942 vitu,v01uptas.
1024 2903 1056 2914 -
1074 2874 1152 2931 ωδ.

148 2936 239 2996 Idem:
257 2937 349 3010 [petum
366 2952 394 2991 st
412 2939 530 3000 cruciat,
555 2951 579 2989 te
596 2935 722 2997 vindicat
738 2939 850 3001 invidus
866 2943 897 2994 in
913 2960 950 3000 sa.
1146 2934 1152 2964 *

550 3217 748 3243 Q
