2386 3758
110 271 147 333 m
446 262 491 320 ot
508 261 634 317 coemo
652 261 753 316 smo.
984 246 1020 317 ,κ’
1111 273 1113 277 ·

110 438 149 481 ax
172 414 288 502 quibus
308 425 381 476 sunt
400 413 480 476 istae
500 411 629 497 singulis
648 407 1102 495 versibus'circumscriptae,“

109 531 170 582 etc.
196 517 376 579 Macrobius
390 517 515 582 Satura.
531 514 600 579 Lib.
616 511 654 579 ΙΙ.
667 519 698 580 7.
726 584 730 591 ,
742 513 896 593 „Publius
910 517 1035 578 natione
1048 515 1103 596 Sy-

108 642 180 700 rus,
210 639 283 682 cum
309 639 393 702 puer
418 619 458 681 ad
483 629 652 703 patronum
682 617 799 682 domini
827 630 912 680 esset
937 621 1102 698 adductus,

107 720 288 806 promeruit
314 741 388 785 eum
417 745 481 787 non
509 722 609 782 minus
640 721 755 784 salibus
779 735 813 784 et
839 721 985 805 ingenio,
1007 744 1102 806 quam

68 828 73 837 '
106 827 222 891 forma.
243 858 284 872 -
304 814 357 886 ‘Ob
378 823 458 887 haec
480 835 513 886 et
533 824 592 884 alia
612 828 817 888 manumissus
839 838 872 888 et
891 823 1012 885 maiore
1026 845 1103 884 cura

108 930 270 1008 eruditus,
297 947 369 991 cum
390 929 503 990 mimos
524 942 748 1010 componeret,
769 928 951 1012 ingentique
975 946 1103 986 assensu

106 1034 138 1094 in
165 1032 272 1099 ltaliae
300 1031 427 1115 oppidis
455 1050 552 1114 agere
579 1031 960 1114 coepisset,¹prodnctus
980 1033 1103 1092 Romae

105 1157 167 1218 per
193 1102 334 1205 Glisaris
360 1134 471 1212 ludos,
490 1142 622 1197 'omnes'
640 1135 695 1218 qui
725 1147 801 1196 tunc
830 1135 947 1220 scripta
971 1149 1005 1200 et
1025 1156 1101 1218 ope-

105 1256 158 1301 ras
179 1236 303 1300 suasio
324 1255 451 1297 scenam
471 1237 671 1315 locaverant,
697 1239 904 1320 provocavit,
932 1252 968 1302 ut
988 1241 1101 1324 singuli

105 1340 215 1407 secum
242 1337 348 1422 posita
373 1336 509 1400 invicem
529 1340 740 1423 materiapro
759 1353 906 1423 tempore
930 1342 1101 1405 contende-

126 1455 196 1519 ent,
215 1460 275 1502 nec
296 1438 385 1500 nullo
406 1453 573 1504 recusante
593 1445 756 1525 superavit
777 1465 909 1524 omnes3
927 1447 959 1507 in
981 1450 1052 1532 quis
1068 1456 1101 1505 et

65 1454 304 1817 Ῐιὼθνίιιιιι
324 1554 435 1608 etc.-
454 1545 584 1609 loannes
606 1545 941 1628 SansberiensisVlll,
964 1550 1010 1615 14.
1032 1567 1100 1606 nes-

105 1648 157 1711 cio
179 1665 243 1731 quo
265 1656 396 1707 auctore
417 1648 454 1708 P.
476 1651 622 1713 Clodium
642 1651 754 1734 Syrum
776 1653 930 1735 appellat,
950 1663 988 1713 ut
1003 1649 1100 1711 domi-

104 1770 163 1812 nus
188 1748 255 1810 eius
281 1746 382 1811 fuerit
410 1751 520 1836 aliquis
543 1776 581 1817 ex
602 1767 696 1838 gente
718 1755 839 1820 Clodia.
879 1756 1012 1849 Quantis
1035 1755 1100 1815 lau·
1138 1771 1141 1776 ·

105 1852 196 1913 dibus
215 1850 283 1912 eius
302 1854 388 1915 mimi
409 1876 426 1915 a
446 1857 595 1917 Romanis
619 1857 772 1918 celebrati
794 1857 873 1933 sint,
903 1857 994 1917 multi
1014 1867 1100 1917 vete·

105 1959 182 2017 nam
197 1956 389 2039 scriptorum
407 1954 472 2016 loci
493 1956 673 2020 ostendunt,
696 1957 747 2023 Cf.
769 1957 890 2018 Seneca
909 1971 1003 2038 pater
1020 1958 1100 2018 Con·
1179 1955 1181 1957 ’

103 2041 188 2123 amvi
216 2059 286 2136 vn,
313 2062 343 2125 3.
370 2055 492 2118 seneca
513 2057 598 2119 onus
624 2058 726 2140 spot.
746 2057 830 2120 vm.
856 2059 970 2122 xclv.
991 2058 1098 2122 cvm.

104 2161 155 2221 De
171 2157 355 2244 tranquillit.
377 2156 469 2217 animi
485 2177 513 2218 c.
526 2160 593 2223 LV.
616 2159 799 2223 Petronius.
808 2159 919 2220 Nullus
932 2159 1101 2220 Publiano-

104 2284 175 2324 rum
203 2261 371 2323 mimorum
390 2272 526 2322 aetatem
546 2262 633 2341 tulit,
661 2283 702 2324 ne
721 2263 806 2324 tituli
827 2261 956 2348 quidem
976 2281 1101 2331 eorum,

103 2375 235 2449 praeter
253 2364 344 2426 unius
375 2365 611 2427 Marmunthonis
631 2385 649 2426 a
668 2368 828 2429 Prisciano
849 2367 909 2428 Lib
930 2367 1060 2447 X.·cap.
1082 2371 1102 2431 8

104 2468 232 2534 laudati.
256 2467 331 2558 Quo
351 2467 488 2550 primum
511 2478 659 2550 tempore
680 2469 854 2533 sententiae
874 2488 913 2529 ex
933 2467 981 2528 his
1000 2467 1101 2528 mimis

105 2568 249 2652 excerpti
268 2580 301 2632 et
319 2568 351 2630 in
371 2589 469 2631 unum
489 2570 597 2633 collati
617 2572 678 2633 sint
698 2594 762 2636 non
781 2558 855 2633 satis
878 2581 1016 2647 constat3
1043 2570 1101 2631 sed

104 2684 253 2756 tempore
271 2671 457 2752 Hieronymi
480 2685 569 2736 certe
589 2675 717 2760 quidem
737 2673 940 2736 iamfactum
964 2691 1033 2734 esse
1054 2675 1101 2735 vi·

106 2775 211 2842 (letam
244 2773 342 2862 Quod
360 2772 435 2834 inde
455 2775 643 2859 collegeris,
663 2778 736 2864 quia
748 2777 959 2858 Hieronymus
971 2775 1002 2836 in
1019 2774 1100 2857 epis·

106 2880 173 2942 tola
198 2878 238 2940 ad
265 2881 394 2939 Laetam
421 2878 607 2940 sententiam
633 2881 817 2942 Publianam
838 2879 983 2958 adhibet,
1007 2901 1100 2964 quam

107 3001 142 3042 se
162 2980 194 3040 in
222 2978 339 3042 scholis
368 2998 504 3060 puerum
532 2980 647 3062 legisse
672 2983 760 3049 dicit.
794 2984 991 3062 Sententiae,
1018 3004 1100 3067 quae

107 3103 192 3147 nune
212 3082 272 3144 sub
287 3079 395 3142 Publii
415 3081 542 3145 nonnius
555 3084 720 3164 l'ernntur,
739 3085 854 3168 partim
868 3105 908 3147 ex
922 3085 990 3147 aliis
1003 3085 1101 3169 scrip-
1118 3085 1123 3094 “

109 3187 246 3264 toribus,
264 3196 300 3246 ut
320 3184 458 3258 Seneca,
480 3197 517 3246 ut
538 3185 660 3266 Gellio,
680 3190 764 3268 aliis,
786 3190 902 3273 partim
923 3211 941 3252 e
961 3190 1100 3272 peculia-

109 3291 200 3354 ribus
223 3287 387 3381 codicione
412 3289 569 3354 eiusmodi
591 3307 743 3355 smmum
763 3294 984 3357 collectionem
1004 3295 1101 3357 conti-
