2386 3758
207 211 239 269 D.
265 207 403 265 tantun
420 208 456 261 M.
473 209 574 274 Peon.
593 207 640 277 ΕΤ
656 208 883 262 FRAGMENTA.
1022 214 1055 277 41

56 357 193 442 (Seneca
214 357 284 417 Lib.
303 358 355 419 Ill.
376 359 528 420 controv.
552 357 612 437 18.)
643 347 727 417 inter
754 355 813 418 hos
829 379 969 451 ‘quoque
997 360 1058 421 La·

53 440 180 500 berlum
208 437 359 520 precibus
388 452 420 499 ct
446 437 625 523 quingentis
655 436 792 497 millibus
827 440 988 516 invitavit,
1022 452 1059 501 ut

53 520 124 602 ipse
147 518 179 580 in
196 538 295 587 scena
320 519 452 596 Mimos,
474 537 555 602 quos
577 517 746 594 scribebat,
757 530 942 656 ageret,·.et
963 510 1058 596 simul

56 620 130 662 cum
162 597 278 659 Publio
309 610 476 660 certaret.
501 598 692 680 Compulsus
727 609 781 657 tan
804 617 856 658 em
888 598 929 661 ad
962 600 1057 677 hanc,

81 701 155 740 uam
175 677 299 740 scenica
327 679 410 741 actio
432 677 588 755 inferret,
614 676 791 754 infamiam,
818 688 854 739 ut
879 699 914 740 se
933 681 1057 762 populo

86 778 201 821 emano
220 771 389 841 purgaret,
410 759 506 829 Mimo
537 776 595 831 suo
616 756 779 838 praemisit
797 759 971 840 prologum
991 758 1059 841 dig·

53 860 141 913 num,
163 837 220 920 qui
242 837 325 898 inter
338 837 607 920 praestantissima
626 839 841 897 Romanorum
854 851 1057 901 monumenta

54 918 243 999 referatur,
260 916 301 979 de
322 940 386 1008 quo
406 919 434 979 si
453 917 605 989 iudicium
631 916 670 978 ad
691 916 803 978 Mimos
824 918 892 979 eius
912 919 1058 1000 perditos

54 998 235 1060 transl'erre'
260 997 391 1074 liceret,
418 998 533 1057 mirum
563 1009 711 1080 quantam
731 1017 787 1065 uos
807 997 920 1059 inillis
941 999 1059 1075 feceri·

56 1099 127 1138 mus
145 1078 304 1140 iacturam.
346 1077 568 1138 Aestimandus
596 1088 702 1140 autem
732 1077 831 1158 magis
852 1099 893 1140 ex
913 1078 1059 1156 affectus,

59 1158 160 1242 quiin
174 1177 263 1221 eore
286 1170 350 1235 nat,
369 1157 515 1235 veritate,
537 1178 632 1242 quam
648 1178 687 1217 ex
707 1156 823 1238 ingenii
844 1159 969 1240 vigore,
992 1180 1058 1241 quo

56 1237 199 1319 pollebat
217 1240 244 1298 L
288 1238 391 1300 erius:
412 1238 488 1298 licet
509 1237 692 1318 turpissima
713 1238 884 1318 depressus
907 1251 992 1299 esset
1012 1238 1058 1298 in.-

56 1318 159 1394 t'amia,
180 1316 384 1379 nihilominus
404 1318 559 1378 libertatis
579 1320 740 1378 Romanae
761 1338 887 1378 sensum
906 1331 971 1379 tam
993 1318 1056 1379 alte

56 1398 158 1467 animo
179 1419 238 1458 suo
262 1397 393 1459 infixum
417 1398 573 1470 habebat,
611 1409 647 1457 ut
668 1396 709 1457 de
731 1419 769 1458 ea
793 1399 896 1470 omnia
917 1398 1060 1481 graviter

55 1498 91 1538 ac
112 1477 281 1560 magnifice
301 1479 532 1559 pronuntiaret.
559 1479 665 1558 Ipsum
688 1477 817 1559 quidem
837 1489 1059 1560 argumentum

54 1557 151 1637 Mimi,
173 1557 225 1618 cui
242 1560 434 1640 praemissus
453 1558 505 1618 hic
531 1580 548 1618 a
569 1556 706 1616 Laberio
734 1559 907 1640 prologus,
933 1560 1059 1642 ignora,

54 1657 143 1717 mus3
174 1649 208 1697 'at
235 1648 350 1720 quanta
376 1658 448 1704 cum
476 1636 607 1702 audacia
634 1637 776 1698 Caesaris
802 1637 1060 1707 incontinentiam

79 1727 245 1778 crsecutus
269 1718 326 1795 sit,
346 1720 400 1782 vel
419 1719 515 1800 pauci
537 1717 590 1777 isti
609 1736 740 1791 uersus,
770 1738 850 1800 quos
877 1718 1060 1788 Macrobius

54 1736 127 1864 lc.
150 1796 280 1872 addidit,
298 1819 357 1869 nos
378 1800 498 1865 docere
519 1806 665 1880 possunt.
705 1795 771 1866 Sed
792 1811 944 1879 equester
966 1798 1059 1875 ordo,

57 1875 113 1959 qui
132 1875 220 1939 facto
241 1879 383 1940 Caesaris
403 1879 538 1939 maxime
563 1897 634 1937 sese
657 1875 813 1949 offensum
832 1888 979 1970 putaret,
998 1881 1059 1938 La·

55 1956 180 2017 barium
205 1958 352 2039 recipere
376 1958 516 2034 nolebat,
536 1956 720 2020 Accedente
734 1956 871 2022 Laberio
894 1968 927 2017 et
947 1957 1059 2027 sedem
1080 2016 1082 2025 ,

56 2048 242 2176 quaerente,
258 2058 367 2100 omnes
389 2039 513 2122 equites
533 2039 576 2100 ita
596 2057 630 2107 se
650 2037 862 2114 coarctabant,
881 2049 917 2098 ut
938 2038 968 2098 ei
989 2036 1059 2097 nul-

72 2136 107 2176 us
126 2129 313 2199 superesset
333 2119 434 2179 locus.
468 2118 732 2193 Animadvertens
754 2117 869 2184 Cicero
892 2138 964 2179 eum
984 2137 1060 2198 pere

55 2195 231 2274 turbatum,
253 2197 379 2274 dicebat
398 2200 593 2275 transeuntia,
624 2197 833 2279 Recepissem
851 2208 904 2275 te,
927 2197 986 2268 nisi
1006 2219 1059 2257 an·.

57 2287 150 2357 gusto
171 2275 335 2338 sederem:
364 2279 483 2339 multos
505 2280 588 2340 enim
608 2279 640 2339 in
659 2290 801 2338 senatum
832 2269 956 2361 lege‘rat
981 2279 1058 2338 Cae·

56 2376 118 2432 sar,
137 2366 173 2415 ut
194 2356 340 2438 expleret
361 2357 547 2421 exhaustum
567 2358 656 2420 bello
678 2358 765 2420 civili
786 2358 948 2434 ordinem,
969 2369 1002 2419 et
1020 2368 1058 2422 ut

55 2432 117 2511 his,
137 2433 193 2518 qui
212 2432 300 2498 bene'
317 2437 357 2498 de
378 2439 443 2498 suis
462 2440 606 2521 partibus
622 2449 826 2514 meruerant,
855 2439 988 2532 gratiam
1006 2457 1057 2497 re·

56 2514 171 2578 ferret.
199 2516 354 2578 Laberius
379 2530 485 2579 autem
506 2518 703 2600 exprobrans
727 2518 875 2579 Ciceroni
896 2518 1059 2588 levitatem

57 2606 91 2655 et
111 2595 267 2675 Pompeio
297 2607 330 2657 et
361 2598 489 2672 Caesari
515 2599 712 2672 studentem,
739 2597 904 2683 rependit:
931 2598 1059 2674 Mirum,

57 2675 84 2747 si
104 2685 235 2755 anguste
256 2676 359 2753 sedes,
403 2678 436 2746 ui
449 2677 662 2755 duahnssellis
677 2676 790 2753 sedere
811 2678 923 2751 solcas,
945 2676 1058 2757 (Sene-

57 2773 95 2825 ca
110 2755 340 2833 ControuVII,
351 2759 381 2820 8·
429 2755 886 2835 acrob.11,3.v11‚‘s.suet0n.
901 2757 1060 2828 1ubCaes.

57 2855 85 2895 c·
114 2833 188 2915 Su)
216 2834 269 2895 Ad
297 2850 471 2914 eatremam
505 2847 702 2900 senectutem
738 2836 886 2916 pervenit
919 2856 1058 2919 corpore

56 2913 163 2976 valido
184 2925 217 2976 et
239 2917 381 2978 sensibus
396 2918 550 3000 integris,
571 2918 673 2981 donec
694 2914 839 2976 Puteolis
859 2915 939 2978 obiit
957 2916 1061 2987 maior

57 2994 274 3077 sexagenario,
294 2997 406 3071 deceni
427 3018 551 3059 menses
568 3007 642 3081 post
661 2996 829 3057 Caesarem
842 2995 1058 3067 interfectum,

57 3085 188 3148 auctore
212 3075 353 3142 Eusebio
377 3078 417 3137 ad
438 3077 565 3161 Olymp.
590 3080 655 3153 184.
670 3078 721 3158 (E.
741 3077 802 3139 W.
818 3077 853 3136 C.
866 3078 903 3136 L.
918 3074 1059 3159 Ziegleri

57 3154 323 3232 commentatione
338 3155 379 3232 de
393 3156 498 3234 Minis,
513 3160 730 3233 Romanunm.
749 3175 820 3247 pag.
834 3165 884 3239 47·
901 3168 934 3228 et
951 3153 1057 3238 sequ

462 3338 655 3367 ,πῃ-ι
