2386 3758
390 709 578 774 DIONYSII
603 708 785 775 CATONIS

183 847 1019 962 DlSTlCHORUM

486 1063 531 1105 Μ
550 1061 696 1108 nomm

400 1178 481 1242 An
521 1174 771 1242 Flu-suu

477 1310 610 1369 unser.
635 1311 690 1389 11„

495 1440 691 1456 —--—-—-—⁶*

463 1557 716 1618 susurrum.

92 1693 233 1760 Telluris
254 1689 282 1758 si
301 1693 388 1760 forte
410 1697 492 1760 velis
514 1708 708 1783 cognoscere
729 1699 845 1777 cultus,

90 1779 262 1922 Virqilium
281 1776 393 1874 legito.
408 1777 541 1918 ll&rodei
559 1780 651 1865 mog'c
671 1799 764 1843 noue
785 1780 913 1844 laboras

90 1862 161 1923 Her
184 1881 273 1922 arum
293 1879 389 1937 ures,
442 1878 517 1922 secr
536 1861 594 1923 tihi
613 1861 752 1923 carmine
775 1860 872 1939 dicet,

92 1940 246 2023 Corporis
266 1945 303 2001 ut
324 1950 456 2001 cunctos
475 1941 580 2080 Buccis
599 1940 765 2025 depellere
786 1941 929 2007 morbos.

92 2022 127 2083 si
146 2025 288 2085 Romana
310 2020 400 2102 cupis
422 2031 456 2081 et
504 2021 594 2083 unica
613 2039 749 2084 noscere
767 2018 862 2097 bella,
1080 2035 1100 2098 5

91 2106 254 2164 Lucanum
275 2119 419 2184 quaeras,
439 2101 495 2183 qui
514 2101 622 2161 Manis
647 2101 772 2184 proelia
791 2101 880 2168 dixit.

93 2184 128 2242 Si
149 2181 228 2266 quid
246 2199 351 2242 amare
371 2179 462 2258 libet,
482 2179 535 2241 rel
555 2179 681 2243 discere
701 2199 805 2243 amere
825 2178 975 2267 legendo,

92 2265 251 2323 Nasonem
269 2260 384 2342 petito.
405 2259 460 2319 Sin
481 2272 585 2320 autem
607 2281 684 2322 cura
703 2259 761 2324 tibi
781 2262 861 2325 haec
881 2275 942 2342 est,

93 2343 138 2404 Ut
157 2341 281 2423 sapiens
301 2340 399 2418 vivas,
420 2339 503 2417 audi,
524 2360 605 2424 quae
627 2341 751 2404 discere
770 2343 883 2424 possis,

93 2425 160 2484 Per
180 2441 262 2507 quse
282 2432 439 2481 semotum
462 2418 543 2482 vitiis
562 2421 733 2484 deducitur
752 2440 875 2488 acrum.
1061 2451 1100 2493 ιο

95 2506 184 2586 Ergo
205 2502 297 2564 sdes:
318 2512 349 2561 et
369 2519 450 2585 quae
471 2500 512 2562 sit
530 2502 691 2586 sapientis,
711 2501 799 2565 disce
819 2503 968 2586 legendo.

100 2641 297 2657 Μ

130 2717 246 2770 Prasiai.
264 2730 332 2768 vers.
350 2715 376 2768 3.
394 2713 445 2767 has
466 2710 595 2767 tibicod.
611 2712 687 2765 Leid.
699 2716 725 2770 3.
743 2719 770 2767 et
784 2712 884 2767 Cellas.
895 2713 974 2765 Voss.
986 2713 1043 2765 Reli
1084 2717 1094 2766 i

99 2804 191 2839 omnes
210 2784 299 2836 Codd.
321 2791 348 2836 ct
364 2791 427 2836 vett.
446 2783 514 2835 Edd.
533 2783 660 2833 omittunt
678 2783 736 2834 has.
754 2809 788 2823 -
806 2799 874 2835 vers.
894 2781 920 2847 4.
938 2782 965 2832 in
981 2782 1033 2834 Ed.
1046 2731 1098 2834 Ἡ·

98 2857 211 2907 thos-cna
230 2853 345 2922 primum
363 2851 488 2918 additum
514 2866 606 2904 omnes
630 2851 719 2904 Codd.
748 2856 775 2902 st
801 2859 866 2904 vett.
888 2849 957 2900 Edd.
976 2866 1030 2901 nou
1050 2866 1097 2918 ag·

99 2929 223 2976 noscunt.
242 2949 275 2960 -
298 2935 364 2972 vers.
384 2923 409 2972 5.
424 2922 527 2990 puns'ca
545 2917 633 2970 Codd.
653 2926 679 2973 et
697 2927 758 2972 vett.
778 2919 846 2971 Edd.
866 2919 984 2982 habent5
1003 2927 1097 2987 poste.

99 2995 185 3045 riores
211 2988 360 3058 quaedam,
386 2995 416 3039 ut
440 2989 554 3040 Scrivcr.
583 2987 665 3039 Cord.
689 2991 756 3041 aliae
780 2987 868 3040 civico
886 3003 999 3038 noscere
1018 2987 1097 3038 hello.

99 3058 220 3112 Boethius
239 3058 389 3125 suspicatur
407 3064 468 3123 post
487 3056 557 3108 huuc
572 3070 676 3107 versum
696 3056 834 3121 excidisse,
853 3073 921 3126 quae
938 3056 972 3106 ad
991 3054 1096 3119 Silium,

99 3130 238 3192 Naevium,
259 3123 405 3178 Enniumve
423 3124 564 3176 reserenda
581 3124 688 3176 fuerint.
713 3155 747 3167 -
775 3142 841 3177 vers.
860 3141 884 3192 7.
902 3125 936 3174 Si
951 3122 1023 3194 quid
1039 3140 1096 3174 om-

101 3215 150 3250 nes
167 3197 223 3250 iere
243 3193 330 3246 Codd.
348 3201 375 3245 et
393 3192 589 3260 antiquissimae
606 3192 674 3244 Edd.
694 3195 746 3245 Alii
764 3193 798 3243 Si
814 3197 887 3264 quis.
916 3222 950 3233 -
983 3207 1050 3244 vers.
1069 3208 1095 3258 9.

101 3264 177 3316 Audi
192 3281 262 3335 quae
281 3277 373 3319 omues
390 3268 496 3313 servant
514 3261 602 3313 Codd.
626 3262 676 3313 ssd
694 3264 786 3330 plures
804 3263 872 3313 Edd.
891 3267 953 3312 vett.
974 3267 1002 3311 ut
1022 3262 1094 3328 Lips.

101 3335 180 3385 Busil.
198 3334 265 3386 uliae
281 3329 352 3383 audi
371 3349 434 3401 quo.
455 3359 485 3369 -
503 3342 541 3381 ιο.
550 3345 615 3382 vers.
631 3328 776 3382 deducitur
785 3346 877 3382 omncs
895 3328 983 3381 Codd.
1000 3329 1094 3379 Plures

447 3508 615 3544 Q.
