2386 3758
507 235 551 292 nn
570 239 695 292 eramo
713 239 814 293 suso.
858 199 860 204 ⁵
1125 247 1148 298 v

150 391 297 454 nantibus
318 388 453 451 desumti
466 401 547 451 sunt.
572 390 685 472 Neque
699 407 778 452 vero
795 389 933 452 omnium
948 391 1059 466 eadem
1077 413 1148 457 auc·

151 496 263 558 toritas
292 502 343 552 est
373 502 427 552 aut
452 489 546 556 fides.
588 492 696 550 bisunt
723 492 806 554 enim
831 496 1005 577 sententiae
1033 498 1148 561 Publio

151 601 232 671 Syro
262 595 379 681 diserte
401 590 440 653 ab
462 577 597 675 antiquis
626 593 836 675 scriptoribus
860 596 1052 678 assignatae,
1074 623 1150 684 quae

151 725 223 766 rum
244 713 347 762 tamen
370 715 433 756 non
454 697 497 756 ita
517 717 649 780 magnus
670 708 720 758 est
739 717 909 776 numerus,
941 699 1045 761 insunt
1070 699 1149 784 aliae

151 802 321 873 ecomicis
343 797 446 857 latinis
468 797 605 879 petitae,
643 801 722 861 aliae
751 820 770 861 e
799 801 939 864 Senecae
966 799 1150 883 philosophi

49 923 52 930 '
150 909 229 971 loeis
254 903 382 966 effictae
390 919 399 974 ;
433 900 528 973 aliae,
560 925 698 987 quarum
727 901 833 964 fontes
853 902 1013 986 indigitari
1031 922 1148 986 neque·

150 1023 223 1085 unt,
243 1021 278 1070 ut
298 1007 330 1066 in
347 1004 494 1065 codicum
509 1003 696 1066 auctoritate
714 1006 830 1069 Publio
846 1026 899 1067 eas
912 1004 1148 1067 attribuentium

151 1114 212 1175 etsi
237 1131 300 1172 non
326 1107 402 1168 satis
432 1120 520 1168 certa
546 1106 812 1189 acquiescendum
836 1109 894 1189 sit3
923 1106 1007 1169 haud
1027 1128 1148 1188 paucae

150 1224 364 1297 postremum,
396 1209 579 1271 auctoribus
606 1230 669 1271 non
704 1210 888 1289 nominatis,
923 1211 955 1272 in
980 1208 1149 1271 novissima

151 1317 289 1379 editione
309 1310 418 1373 Bothii
438 1323 650 1371 accesserunt.
680 1312 787 1397 Atque
808 1312 863 1375 has
877 1312 1006 1396 quidem
1020 1311 1149 1372 Bothia·

150 1443 204 1484 nas
228 1413 418 1483 sententias,
446 1422 483 1470 ut
502 1432 616 1473 verum
637 1413 757 1492 fatear,
784 1404 984 1498 potissimum
1012 1436 1081 1476 eam
1107 1414 1150 1476 ob

152 1544 278 1588 causam
298 1527 419 1580 tantum
440 1512 563 1589 addidi,
591 1537 631 1578 ne
652 1529 790 1579 emtores
810 1516 902 1577 huius
924 1517 1071 1580 editionis
1090 1499 1151 1618 θὼρ

153 1623 273 1708 aliquid
305 1616 489 1679 desiderare
516 1617 719 1680 riderentur-2
762 1633 835 1681 sunt
860 1621 942 1682 enim
969 1621 1084 1703 partim
1110 1618 1150 1683 eu¹

154 1725 221 1787 aliis
248 1719 353 1804 poetis
381 1717 484 1779 latinis
512 1729 697 1800 excerptae,
727 1720 843 1800 partim
871 1722 1149 1804 interpretationes

154 1843 339 1913 graecarum
371 1822 604 1905 paroemiarum
637 1823 744 1885 nescio
777 1842 842 1903 quo
872 1834 999 1885 auctore
1035 1826 1148 1898 tactae,

153 1931 268 2016 partim
296 1925 435 2009 denique
462 1924 555 2006 plane
582 1925 711 1986 incertis
752 1922 916 1990 natalibus.
948 1926 1019 2008 Ego
1046 1929 1150 2012 singu·

78 2015 81 2021 Ι
152 2040 257 2100 lorum
277 2048 445 2102 versuum,
466 2039 615 2110 quantum
635 2028 737 2111 potui,
757 2026 861 2089 fontes
882 2028 995 2091 sedulo
1016 2032 1047 2092 in
1067 2034 1150 2096 notis

155 2136 346 2209 nicostrati,
380 2151 445 2213 quo
472 2128 592 2190 certius
625 2130 769 2192 omnibus
798 2131 835 2192 iis
861 2135 1040 2211 sententiis,
1067 2158 1150 2220 quae

154 2238 222 2298 abis
243 2233 426 2297 auctoribus
446 2233 568 2317 liquido
583 2231 770 2294 tribuendae
786 2245 873 2310 sunt,
895 2235 1046 2299 detractis
1060 2259 1150 2300 eons-

155 2352 253 2418 taret,
280 2360 361 2423 quae
385 2337 501 2399 Publio
529 2335 608 2415 Syro
630 2335 734 2419 aliquo
758 2333 829 2396 iure
850 2322 1000 2421 assignari
1019 2341 1149 2421 possint.

155 2447 184 2505 ls
214 2442 297 2505 enim
329 2445 466 2526 scriptor
510 2452 559 2503 est
599 2437 731 2499 Publius
765 2438 1016 2524 mimographus,
1061 2443 1150 2506 ouius

156 2543 309 2627 reliquiae
330 2545 472 2628 quamvis
495 2543 633 2610 minutae
654 2541 828 2604 accuratius
848 2567 942 2628 quam
963 2544 1065 2608 adbuc
1085 2545 1152 2608 fac·

155 2659 224 2708 tum
250 2659 301 2708 est
326 2646 466 2729 separari
495 2658 528 2708 et
554 2640 685 2700 tractari
710 2657 902 2710 mereantur.
940 2647 1075 2715 Secutus
1097 2672 1150 2711 au·

155 2761 219 2811 tem
241 2769 311 2808 snm
330 2751 362 2810 in
381 2750 440 2810 hac
462 2746 601 2808 editione
619 2746 835 2807 recensionem
850 2749 1054 2830 Bathinum,
1074 2773 1150 2834 pau.

156 2855 201 2914 cis
221 2853 300 2916 iocis
321 2850 479 2932 exceptis,
506 2870 581 2910 usus
602 2848 697 2908 etiam
716 2847 908 2912 Desbillonii
928 2850 1072 2930 schedis,
1094 2850 1150 2938 qui
1182 2892 1183 2895 =

155 2951 241 3013 utin
261 2951 406 3032 pluribus
436 2953 581 3015 versibus
605 2948 796 3034 refingendis
822 2972 893 3014 cum
919 2954 1036 3015 Bothio
1062 2956 1143 3016 mire

156 3055 332 3135 conspirat,
366 3056 410 3114 ita
440 3058 607 3120 nonnullos
639 3056 704 3116 suis
740 3053 1010 3118 emendationibus
1040 3073 1149 3115 sanare

155 3154 232 3214 mihi
261 3156 343 3216 visus
371 3169 429 3222 est.
460 3157 576 3222 Addidi
604 3158 740 3244 denique
767 3157 909 3220 stellulae
938 3157 977 3218 iis
1005 3153 1150 3218 versibus

156 3278 236 3341 quos
257 3258 342 3324 solos
357 3258 523 3322 Bentleius
535 3261 568 3322 in
581 3283 638 3324 sua
650 3258 835 3347 recensione
851 3257 990 3336 admisit,
1009 3257 1150 3341 plerum·
