2386 3758
487 248 715 315 steterumt.
1067 259 1101 313 87

203 402 336 454 Ausonius
360 401 386 450 in
405 400 483 468 Epig·
505 399 687 452 Mutabilitus
703 416 794 459 rerum
803 397 990 464 ltumammt
1005 402 1100 467 mulus

202 469 311 522 casibus
327 466 431 519 cotidie
447 468 576 519 cernitur.

97 563 151 636 tt.
172 561 316 622 Fortuna
339 538 417 619 belli
436 576 565 691 seder
586 557 714 640 ancipiti
734 556 767 618 in
788 558 864 622 loeo
884 570 943 626 est.
985 584 988 589 ·

200 642 303 693 Seneca
320 639 407 691 Theb.
438 639 477 690 tt·
501 641 506 650 '
528 641 619 708 magis
646 656 745 709 anceps
773 640 1002 712 atqueiueertum
1019 659 1101 710 quant

203 720 311 760 eventus
325 706 465 760 bellorum.

98 810 149 876 85.
170 801 313 862 Fortuna
332 795 436 858 fortes
455 795 588 874 metuit,
609 794 739 880 ignavos
759 795 886 879 premit.

199 881 275 932 ldem
292 881 320 930 iu
338 876 411 934 Med.
434 879 560 928 Fortuna
574 879 654 940 iuvut
673 877 806 930 eredentes
811 914 820 941 ,
836 874 1032 949 formidolosis
1048 876 1099 930 ud·
1124 920 1127 924 .

202 966 285 1001 versa
304 959 354 998 est.

106 1039 157 1104 88.
177 1039 320 1100 Fortuna
340 1036 447 1098 multis
468 1035 523 1099 dut
541 1037 651 1114 nimis,
674 1034 750 1098 satis
769 1033 861 1096 nulli.

197 1120 333 1171 Martialis.
355 1119 480 1170 Sensrius
506 1136 613 1171 scazon.
647 1119 727 1170 Multi
751 1118 831 1169 nimis
861 1116 981 1169 habuere
1007 1135 1100 1186 opum,

197 1196 228 1238 ut
245 1188 355 1239 Crassus
374 1193 402 1238 et
428 1187 571 1255 Lucullus:
608 1203 724 1260 quorum
746 1193 837 1241 lamen
861 1185 996 1256 cupiditas
1018 1190 1099 1240 nullis

200 1257 288 1326 copiis
307 1255 413 1323 expleta
430 1256 489 1307 luit.
619 1262 622 1271 ⁴

98 1349 148 1424 87.
169 1344 303 1410 Florem
322 1342 448 1404 decoris
469 1343 584 1427 singuli
606 1347 740 1426 carpunt
760 1345 840 1412 dies.

196 1430 300 1478 Seneca
317 1427 345 1477 iu
365 1425 426 1475 Oet.
436 1423 621 1475 pulchritudo
633 1427 753 1492 cingulis
768 1426 903 1479 decrescit
918 1424 1022 1478 dicius.
1041 1425 1100 1476 Nec

195 1499 283 1556 fortun
305 1501 454 1554 scurnum,
472 1500 503 1542 ut
519 1493 557 1544 sit
572 1492 705 1549 Tibullus.
744 1499 915 1556 Translatum
936 1511 968 1546 er
989 1492 1101 1557 Ouidio,

202 1565 250 1634 qni
267 1561 302 1613 de
314 1562 403 1613 torma
419 1560 473 1611 ait:

225 1673 228 1677 .
566 1628 757 1696 Quantumque
774 1628 880 1681 aceedit
899 1627 939 1680 ad
948 1646 1054 1691 anuos,

286 1695 333 1746 Fit
350 1693 451 1756 minor,
472 1703 498 1744 et
517 1696 609 1763 spatio
630 1697 758 1765 carpitur
777 1699 837 1765 ipsa
857 1715 917 1748 suo.

98 1801 150 1862 88.
170 1788 308 1850 Ferrum
327 1773 439 1847 tuetur
458 1783 655 1868 principem,
678 1783 791 1847 melius
809 1782 901 1852 fides.

197 1866 268 1920 Ibin
297 1866 436 1936 Prsucspes
451 1867 506 1918 tuti
524 1878 590 1939 suut
609 1867 745 1937 potentia,
762 1864 813 1918 sed
834 1866 1017 1920 benevolentia
1036 1886 1100 1920 suo·

200 1954 261 1988 rum
278 1935 364 1990 multa
384 1936 511 1986 tutiores.
556 1959 561 1968 ⁵
741 1939 744 1946 '
1166 1939 1172 1943 ·

98 2044 148 2113 89.
169 2030 302 2092 Fortem
325 2023 403 2087 facit
426 2024 529 2088 vicina
550 2023 681 2104 libertos
702 2032 822 2094 senem.

196 2109 268 2161 lbid.
304 2108 364 2164 llne
380 2114 419 2158 est
436 2107 505 2157 illud
528 2102 572 2173 (ut
593 2109 688 2162 scribit
706 2107 829 2176 Cicero),
854 2102 934 2178 qssod
944 2106 1099 2161 Pisistrato

195 2190 321 2247 tyranno
335 2193 353 2226 a
366 2173 467 2224 Solone
480 2192 644 2243 responsum
663 2190 712 2240 est,
725 2194 785 2228 cum
800 2178 844 2228 illi
856 2178 1016 2246 quaerenti:
1037 2180 1100 2243 Qua

198 2244 307 2297 taudem
323 2261 369 2312 spe
384 2241 482 2312 fretus
499 2241 558 2295 silei
575 2256 630 2296 tam
646 2246 782 2298 audacter
801 2244 963 2298 resisteret?
984 2263 1099 2316 respon·

82 2372 86 2382 ¹
196 2313 270 2368 disse
283 2311 409 2363 dicitur.-
430 2310 582 2364 Senectute.

98 2410 150 2486 90'.
170 2403 336 2466 Facilitate
356 2403 433 2466 nihil
453 2402 574 2467 homini
593 2415 642 2464 est
656 2404 784 2481 melius,
803 2425 910 2490 neque
922 2404 1099 2466 elementia.

198 2488 306 2536 Terent.
324 2487 351 2535 iu
370 2485 486 2554 Adelph.
520 2484 696 2536 Trochaicus.
723 2487 821 2537 Nullae
840 2490 961 2537 virtutes
988 2487 1018 2534 iu
1035 2487 1097 2535 vitu

196 2552 338 2690 §tfominum
353 2553 539 2614 illustriores,
562 2568 645 2623 quum
661 2555 845 2610 commoditas
857 2569 965 2606 morum
981 2565 1007 2603 et
1022 2553 1098 2604 bene·

226 2633 326 2671 centra.

51 2761 55 2772 .
96 2731 147 2793 91.
169 2712 286 2772 Ferme
305 2709 459 2794 fugiendo
481 2711 514 2770 in
533 2710 637 2772 medie
655 2710 721 2774 fata
741 2712 925 2778 incurritur.

202 2815 437 2934 Emsnuscrifto.
472 2816 584 2883 Legitur
607 2814 701 2868 eadem
728 2819 876 2880 sententia,
897 2817 965 2868 licet
988 2817 1097 2869 diversis

198 2883 297 2948 verbis,
316 2901 368 2953 spu
401 2886 548 2936 Homerum
565 2892 592 2936 et
607 2881 769 2948 Hesiodum,
789 2892 816 2934 et
831 2885 992 2953 comprobat
1007 2887 1098 2936 interi.

200 2959 242 3001 tus
260 2952 402 3003 Alexandri
421 2955 565 3021 Epirotae,
590 2950 624 3003 de
645 2967 700 3019 quo
717 2951 790 3020 apud
812 2953 940 3003 lustinum
966 2955 1015 3003 lib.
1038 2955 1098 3012 ΧΠ,

200 3021 266 3070 item
284 3021 367 3088 Atyn,
385 3022 433 3073 filii
450 3022 554 3083 Croesi,
571 3019 605 3071 de
623 3037 676 3087 quo
690 3020 761 3088 apud
774 3020 910 3072 Valerium
924 3022 971 3071 lib.
991 3023 1012 3083 1,
1027 3021 1097 3071 idem

197 3089 344 3157 Cambysu,
362 3089 409 3140 lilii
430 3089 501 3156 Cyri,
518 3087 552 3138 de
567 3105 621 3156 quo
637 3086 710 3155 npud
728 3090 893 3141 Herodotum
910 3090 958 3140 lib.
976 3089 1022 3138 111.

97 3197 149 3260 9²·
168 3178 283 3240 Fidem
303 3181 441 3241 secunda
465 3191 618 3260 poscunt,
641 3177 775 3239 adversa
794 3168 952 3260 exigunt(

197 3282 298 3333 Senecn
317 3284 343 3332 in
361 3283 454 3350 Agam.
474 3283 508 3335 Iu
526 3283 606 3335 rebus
617 3282 697 3335 laetis
700 3279 777 3352 fides
793 3282 903 3351 requiri
908 3314 925 3346 r
944 3284 973 3336 itt
991 3285 1097 3352 asperis

198 3351 278 3402 stiam
289 3352 366 3420 exigi
380 3351 460 3404 solet.
