2386 3758
467 246 471 253 “
489 233 717 293 sternetur..
1052 244 1087 296 di

123 465 157 525 ui
177 463 269 524 timet
289 464 440 542 amicum,
469 466 535 528 vim
554 485 618 524 non
640 475 731 525 tenet
749 465 893 525 nominis.
1048 466 1089 529 30

123 543 187 606 uod
208 544 353 604 vitiosum
377 557 435 638 est2
457 566 521 638 quo
537 544 640 638 animo
661 542 769 620 facias,
789 544 866 604 nihil
886 547 1029 607 interest.

90 627 247 690 Veterem
267 621 404 686 ferendo
426 626 573 688 iniuriam
594 636 676 686 vites
696 644 823 687 novam.

91 704 222 786 Duplex
241 705 280 764 fit
298 703 432 781 bonitas,
455 705 548 765 simul
573 705 743 765 accesserit
764 703 923 769 celeritas.

90 788 172 846 Esse
196 802 327 844 necesse
350 798 399 846 est
423 785 499 845 vitia
520 784 646 860 minima
667 784 875 853 maximorum
895 785 1037 844 maxime.

91 868 151 935 Est
172 861 360 934 beneficium
382 873 570 941 eocarere,
594 863 681 948 quod
702 864 817 927 invitus
838 863 1010 947 possideas.
1049 865 1092 928 35

92 945 176 1006 Exul
198 944 242 1022 is,
273 944 325 1004 eui
351 965 506 1026 nusquam
528 943 640 1006 domus
663 956 728 1022 est,
756 944 822 1006 sine
851 944 1022 1027 sepulchro
1043 957 1092 1007 est

291 1045 324 1083 m
347 1036 378 1084 rt
401 1044 449 1084 us.

92 1107 167 1169 Heu
187 1124 282 1189 quam
295 1044 453 1245 piiseium
477 1115 526 1176 est
546 1102 670 1170 discere
694 1105 834 1184 servire,
861 1104 916 1166 ubi
937 1104 1093 1167 dominari
1112 1171 1114 1175 ,

182 1234 183 1238 ,
359 1196 409 1244 tus
452 1204 478 1248 t.

93 1271 201 1331 Homo
220 1205 357 1358 sempef’rc
372 1203 458 1335 aliud
482 1262 602 1326 sertin
622 1284 674 1345 se3
703 1265 735 1326 in
763 1265 900 1327 alterum
933 1262 1020 1326 aliud
1043 1284 1096 1329 eo·

318 1368 328 1404 1
361 1355 383 1409 t.

93 1429 253 1493 Miser-iam
273 1356 397 1496 ndstoaire
416 1424 591 1515 propriam,
612 1438 660 1487 est
682 1427 749 1488 sine
769 1425 914 1508 periculo
939 1425 1060 1488 vivere.

94 1509 205 1571 Nescit
227 1509 253 1568 ie
275 1525 404 1580 nocere,
425 1506 481 1588 qui
503 1523 620 1565 nocere
638 1507 724 1580 velle
743 1506 892 1586 perdidit.
1052 1513 1093 1579 4o

94 1590 146 1649 Nil
165 1587 296 1649 rationis
321 1597 380 1662 est,
400 1585 456 1651 ubi
477 1605 530 1647 res
554 1585 657 1644 semei
678 1585 710 1652 in
731 1585 882 1654 affectum
903 1584 998 1649 venit.

94 1668 282 1730 Proximum
301 1676 391 1726 tenet
410 1665 517 1728 locum
542 1661 701 1738 confessio
729 1665 936 1732 innocentiae.

96 1747 239 1829 Regibus
257 1745 348 1831 peius
370 1757 420 1812 est
440 1745 551 1822 multo,
574 1765 668 1828 quam
691 1744 767 1826 ipsis
787 1745 1008 1816 servientibus.

96 1830 161 1888 Res
181 1825 264 1887 bona
284 1837 331 1889 est
352 1846 417 1886 non
440 1825 616 1908 exstirpare
637 1825 821 1901 sceleratos,
846 1825 903 1885 sed
923 1829 1057 1890 scelera.

96 1900 307 1994 Solitiidinem
335 1917 486 1990 quaerat²
520 1905 575 1989 qui
604 1905 675 1972 vult
701 1924 774 1967 eum
799 1904 1019 1980 inpotentibus
1048 1909 1098 2050 Υἱὲ
1162 1977 1165 1986 ,

336 2008 383 2045 r.

97 2071 176 2127 Tam
198 2005 401 2206 deestlvldpdd
421 2064 517 2127 hehet
538 2075 645 2145 avaro,
668 2085 763 2155 quam
782 2066 899 2140 misero
923 2067 1013 2151 quod
1034 1997 1099 2140 ndu

98 2168 336 2305 tolerabilior?
352 2158 408 2309 (fii
425 2225 508 2287 mori
528 2225 627 2302 iubet,
648 2247 742 2319 quam
763 2225 817 2310 qui
836 2226 918 2287 male
937 2227 1059 2295 vivere.

101 2306 164 2366 Ubi
184 2306 225 2371 sis
247 2325 320 2366 oum
339 2306 414 2381 tuis,
437 2319 469 2366 et
489 2304 570 2372 absis
590 2317 704 2387 petria,
725 2327 795 2368 eam
816 2304 990 2370 desideres.

101 2385 177 2450 Vita
196 2385 336 2527 hominliist
337 2383 463 2527 a{trevie
470 2407 481 2464 3
508 2386 583 2459 ideo
610 2383 744 2460 honeste
764 2406 850 2448 mors
871 2399 920 2448 est
939 2388 1101 2452 immorta-

107 2595 277 2619 ’Ἥ

91 385 157 624 §ui
175 395 253 465 pote
273 402 412 462 nocere,
435 384 582 459 timetur,
612 405 684 446 cum
705 381 797 445 etiam
820 406 892 459 non,
908 386 1007 448 adest.

102 2689 160 2721 esse
175 2680 200 2720 et
212 2669 386 2727 laudabilem.
408 2699 442 2720 -.-
467 2687 491 2721 v.
508 2671 550 2728 35.
566 2669 651 2722 Idem.
663 2671 718 2720 Est
731 2668 889 2740 beneficium
908 2683 1002 2717 carere
1018 2667 1099 2727 bono,

102 2741 205 2790 invitus
216 2736 296 2809 quod
309 2736 445 2808 possides.
460 2767 493 2778 -
511 2757 536 2793 v.
556 2740 597 2802 38.
614 2737 655 2788 Id.
672 2739 760 2789 Homo
779 2736 859 2788 aliud
873 2734 932 2803 fert
948 2753 1051 2805 semper·
1067 2737 1102 2785 t'n

103 2827 147 2869 ee;
162 2811 192 2858 in
209 2808 326 2858 aiterum
340 2806 419 2858 aliud
441 2816 568 2874 cogitat..
587 2808 620 2844 -'-
638 2824 660 2856 v.
679 2807 720 2871 43.
738 2806 770 2857 Id
786 2808 863 2874 peius
881 2806 942 2854 erit.
960 2832 993 2843 -
1011 2821 1036 2854 v.
1058 2801 1111 2868 44.

100 2877 142 2927 ld.
162 2876 217 2925 Res
235 2874 307 2926 botta
320 2887 371 2938 est,
389 2875 507 2936 scelera,
526 2892 582 2924 non
601 2876 675 2943 ipsos
696 2875 846 2924 sceleratos
870 2874 1042 2940 extinguere.
1069 2899 1102 2910 -

100 2964 125 2999 v.
144 2942 276 3010 45.Idem.
289 2942 467 2996 Solitudinem
482 2942 575 3004 odeat,
586 2943 709 3011 quivult
721 2944 813 2992 vivere
824 2959 883 2992 cum
897 2939 1101 2992 innocentibus.
1137 2955 1139 2960 ·
1164 2975 1166 2979 -

100 3041 133 3052 —
151 3033 175 3063 v.
194 3010 237 3077 48.
255 3010 345 3062 ldem:
366 3012 420 3063 Ubi
433 3030 493 3063 cnm
505 3013 560 3061 tuis
574 3012 622 3072 sis,
640 3013 667 3061 si
680 3010 755 3063 absis
765 3013 869 3078 patria,
886 3028 943 3060 eom
953 3005 1101 3058 desideres.
1144 3043 1146 3047 -

101 3083 133 3132 ln
150 3081 204 3132 iine
221 3089 346 3131 notarum
366 3079 420 3132 hoc
443 3079 625 3135 Desbillonius
650 3097 727 3130 suum
753 3080 881 3130 iudicium
904 3079 937 3128 de
960 3084 1017 3126 tota
1045 3075 1096 3128 hac

102 3151 295 3201 sententiarum
313 3149 474 3201 collectione
493 3146 586 3198 addit:
612 3155 776 3210 occurrunt,
798 3148 903 3214 inquit,
931 3147 958 3194 in
974 3146 1022 3193 ista
1040 3159 1101 3195 ten·

102 3220 243 3268 tertiarum
261 3217 392 3282 farragine
413 3214 542 3284 quaedam
560 3215 651 3279 salsae,
671 3215 802 3284 quaedem
819 3217 942 3286 ineptam
974 3210 1021 3262 ted
1038 3213 1097 3280 ple·

104 3302 203 3353 meque
221 3286 322 3337 bonam
338 3287 524 3352 antiquitatem
543 3282 679 3338 redolent.
1104 3293 1105 3296 ’

511 3400 704 3420 Ψ*-
