2386 3758
511 220 738 311 scortumst.
837 222 842 245 '
1074 264 1107 316 ss

110 368 350 493 *nentiquam
371 366 527 470 miserum*
544 419 593 470 est
615 407 699 469 laedi
720 402 758 468 ab
780 402 922 485 illo,1de
951 365 1014 496 quo
1029 495 1032 500 ι
1045 430 1108 470 non

107 544 110 548 Α
311 491 394 551 ausis
459 489 521 551 eri!
984 523 987 534 ·

85 570 88 575 ’
109 569 197 648 Heu,
220 591 314 656 quam
333 511 526 652 poenffenda
545 565 711 631 incurrunt
730 568 829 630 multa
848 568 993 631 viventes
1015 567 1086 629 diu!

112 653 131 690 '⁸
151 653 279 731 Homo,
318 650 373 736 qui
406 651 438 711 in
467 651 594 714 homine
623 647 806 710 calamitoso
836 659 885 710 est
916 650 1107 724 misericors,

311 727 453 793 meminit
473 730 532 792 sui

20 818 25 829 '
114 812 205 874 Hora
225 831 322 894 saepe
343 809 543 888 redditura,
563 808 651 893 quod
672 806 860 869 decennium
881 807 1020 868 abstulit.
1048 810 1108 889 965

80 939 83 946 .
111 891 130 928 '¹‘
151 892 298 975 Improbe
316 894 505 1032 iilleptunum
528 901 671 968 accusat,
692 888 748 972 qui
768 887 886 949 iterum
909 882 1109 971 naufragium

333 976 403 1032 actt.
772 1012 774 1016 »

94 1051 133 1126 ‚⁴⁸
154 1055 188 1112 ln
209 1053 298 1114 malis
319 1069 451 1133 sperare
470 1046 563 1126 bene,
583 1049 641 1109 nisi
661 1050 827 1127 innocena‚'
843 1067 936 1110 nemo
954 1048 1045 1109 solet.

112 1133 196 1195 Inter
216 1135 333 1195 amicos
356 1152 450 1216 quam
470 1131 612 1193 inimicos
633 1131 754 1192 iudices
777 1128 950 1191 molestius.

13 1266 16 1271 .
47 1247 49 1252 ·
99 1214 200 1296 'Ipsae
222 1213 339 1275 amicos
359 1234 411 1275 res
428 1211 552 1292 opimae
564 1211 702 1292 pariunt,
722 1211 856 1272 adversa
871 1208 1034 1291 eprobant.

111 1294 130 1331 ¹*
149 1294 346 1355 Iracundiam
369 1293 425 1376 qui
446 1291 551 1366 vineit,
571 1293 695 1352 hostem
711 1302 842 1374 superat
855 1290 1109 1357 maximum.97o

111 1373 130 1412 ⁴*
155 1374 302 1434 lrrritare
324 1383 373 1430 est
393 1369 612 1444 calamitatem,
633 1391 706 1431 cnm
724 1385 759 1432 te
779 1372 910 1432 felicem
925 1389 1030 1431 vocas.

29 1494 33 1498 -
112 1453 131 1492 ⁴⁸
152 1456 199 1513 Ita
217 1451 353 1527 amicum
372 1447 501 1521 habeas,
525 1461 619 1526 posse
642 1462 679 1509 ut
697 1447 792 1513 facile
812 1449 883 1514 fieri
905 1451 990 1511 hunc
1010 1446 1110 1508 inimi-

230 1579 238 1594 ,
314 1543 388 1585 cum
431 1535 512 1589 utes.

112 1613 208 1689 Mage
228 1603 369 1743 omli
389 1545 563 1664 aibicorum
583 1609 631 1663 est
648 1599 767 1667 invidia
785 1624 879 1691 qnam
899 1606 1030 1672 insidiae
1050 1605 1126 1687 ¹¹9⁴

319 1702 333 1742 s
359 1703 422 1744 um.
1113 1710 1116 1714 ⁴

27 1797 29 1802 ·
82 1776 92 1807 ί
117 1753 243 1824 Malitia
255 1760 323 1844 ipsa
344 1764 393 1825 sui
412 1757 527 1825 veneni
546 1761 712 1827 maximni
731 1771 857 1845 partem
874 1762 966 1833 bibit.

15 1900 17 1905 .
117 1843 253 1905 Maximo
276 1840 401 1925 periclo
427 1840 616 1922 custoditur,
641 1843 728 1929 quod
748 1843 855 1905 multis
878 1846 992 1925 placet.
1052 1841 1111 1930 975

113 1925 242 1986 Minime
253 1923 370 1986 amicus
385 1946 466 2002 sum,
480 1923 629 1987 fortunae
641 1923 802 2008 particeps
816 1924 874 1986 nisi
888 1926 946 1986 sim
960 1939 1044 1988 tuae.

18 2042 23 2053 =
113 2007 203 2069 Mors
226 2003 338 2066 infanti
357 2005 448 2082 felix,
468 2003 576 2066 iuveni
599 2005 725 2081 acerba,
750 2020 823 2066 sera
843 1998 932 2066 nimis
954 2009 1032 2069 seni.
1054 2004 1072 2042 *²

112 2086 132 2123 ⁴²
151 2088 280 2160 Mortuo
300 2086 356 2168 qui
377 2085 474 2148 mittit
492 2087 617 2161 munus,
638 2086 683 2146 nil
704 2085 834 2164 dactili,
857 2085 965 2147 adimit
984 2084 1052 2148 sibi.

62 2205 65 2216 ·
113 2167 216 2227 Multa
236 2166 316 2227 nulli
337 2168 473 2250 cogitata
496 2167 650 2247 temporis
670 2179 826 2247 punctum
847 2167 959 2227 attulit.

112 2248 213 2307 Multa
233 2245 292 2307 sub
313 2249 406 2308 vultu
424 2247 575 2321 latuerint
598 2247 682 2324 odia,
703 2248 803 2308 multa
825 2247 857 2306 in
879 2246 999 2308 osculo.
1050 2249 1110 2328 980

19 2371 24 2378 .
118 2327 195 2402 Nae,
211 2326 384 2388 virtutibus
399 2328 454 2388 ille
471 2325 607 2388 abundat
621 2327 739 2402 multis,
753 2326 809 2410 qui
824 2326 938 2387 alienas
953 2338 1045 2390 amat.

115 2405 281 2488 Neminem
301 2428 362 2470 nec
383 2407 549 2485 accusaris,
569 2427 629 2469 nec
652 2407 829 2470 laudaveris
855 2407 929 2468 cito.

120 2536 312 2550 *—·

40 2608 43 2611 '
112 2633 146 2643 -
163 2620 187 2665 v.
203 2599 263 2668 964.
280 2594 475 2654 nesbiflonius:
510 2595 598 2655 Homo
623 2605 675 2673 qui
699 2605 729 2656 im
754 2601 913 2658 calamitoso
939 2598 1044 2657 bomine
1067 2616 1109 2657 est
1137 2628 1139 2632 ⁴

113 2671 279 2721 misericors.
299 2678 350 2722 cet.
368 2696 403 2708 -
419 2685 443 2720 v.
461 2669 520 2733 965,
536 2672 585 2721 Ed.
604 2673 675 2721 13...
687 2691 711 2722 v.
727 2675 787 2739 966.
805 2675 902 2725 Publio
919 2675 985 2742 Syro
1010 2675 1109 2725 diserte

111 2739 254 2806 tribuitur.
272 2739 333 2788 Vid.
350 2739 427 2788 locos
441 2737 565 2789 laudatos
589 2739 632 2790 ud.
648 2759 672 2788 v.
693 2756 734 2805 77.
757 2769 791 2781 -
819 2761 841 2792 v.
860 2759 918 2808 972.
940 2744 1028 2794 Publii
1051 2743 1107 2808 Syri

112 2802 146 2858 V.
165 2805 199 2857 ad
218 2823 240 2854 v.
259 2821 299 2870 77.
330 2836 363 2846 -
388 2823 411 2853 v.
434 2806 494 2872 973.
526 2806 602 2873 Vulg.
623 2808 743 2859 cavenda
761 2819 800 2859 cst
825 2820 974 2862 dioscorum
993 2803 1107 2859 invidia.

113 2875 290 2941 Transposuit
307 2873 388 2932 rerba
405 2873 514 2924 Bothius
535 2875 571 2924 ob
590 2883 712 2925 mettum.
753 2879 813 2929 Non
831 2881 908 2930 latuit
927 2889 1024 2931 naevus
1042 2877 1108 2944 Des⁴

113 2945 264 3006 bulonium,
283 2943 478 3005 corrigentem:
508 2941 598 3010 Mage
623 2943 744 2996 euvendu
763 2955 802 2996 eet
821 2947 925 2997 invidie
944 2948 1106 2998 amicorum.

112 3040 146 3053 ..
163 3028 186 3061 v.
206 3008 266 3077 974.
284 3007 333 3058 Ed.
350 3007 379 3057 Β.
404 3036 438 3047 -
459 3024 481 3057 v.
503 3024 563 3076 979.
581 3008 671 3063 Eiusd.
700 3044 732 3053 -
767 3027 789 3065 t.
806 3022 866 3080 930.
885 3016 976 3067 Eiusd.
997 3015 1107 3064 Variam

112 3082 194 3131 lectio
212 3087 250 3130 est
268 3093 335 3128 vers.
353 3076 413 3125 601.
430 3102 465 3114 -·
481 3092 504 3124 v.
522 3080 582 3143 982.
599 3081 747 3148 Translata,
764 3086 794 3134 ut
812 3085 927 3147 videtur,
946 3083 1106 3134 sententiae

112 3148 191 3198 Plinii
208 3146 292 3214 Epist.
310 3147 336 3210 1,
363 3154 410 3209 17.¹
427 3144 506 3193 Scins
528 3147 603 3198 illum
623 3148 750 3216 plurimis
776 3152 925 3202 virtutibus
954 3146 1106 3211 saliendum,

114 3217 165 3284 qui
176 3215 278 3264 abenas
298 3216 336 3264 sic
356 3223 438 3264 amnt.
458 3243 489 3250 -
509 3225 532 3262 v.
547 3215 607 3282 982.
624 3215 692 3268 Cod.
711 3219 823 3286 Frisidg.
838 3218 975 3270 Neminem
988 3219 1044 3267 cito
1058 3234 1103 3266 uc·

113 3285 269 3345 curaveris,
288 3282 417 3332 nemiuem
430 3282 483 3330 cito
497 3280 666 3334 laudaveris.
698 3286 845 3350 Gruterus,
876 3303 956 3354 quent
984 3279 1104 3334 Orellius

112 3353 241 3418 sequitur:
261 3352 392 3401 Neminem
406 3365 458 3401 nee
468 3355 625 3417 accuseris,
643 3363 690 3403 κισ
706 3352 861 3406 undarent
874 3357 935 3405 ce'to.
956 3353 1103 3421 Uirumque

148 3442 226 3494 Publ.
245 3444 301 3510 Spr.
891 3444 905 3506 3
