2386 3758
168 655 1007 762 russnltsrnr

404 1042 573 1105 SENARIl
601 1041 767 1101 lAMBlCl.

508 1181 649 1193 .-.-.--

90 1297 120 1356 A
141 1311 245 1361 morte
266 1321 392 1382 semper
412 1298 594 1362 tantundem
618 1297 760 1358 homines
785 1297 942 1358 absumus.
977 1271 1011 1322 s

90 1376 109 1412 ⁴*
132 1380 181 1439 Ab
204 1381 306 1441 altero
332 1393 497 1460 exspecta,
519 1379 611 1439 alteri
632 1379 719 1461 quod
737 1378 865 1439 feceris.

90 1456 109 1492 *
129 1457 179 1517 Ab
203 1473 325 1520 amante
347 1459 481 1518 lacrimis
506 1458 642 1517 redimas
663 1458 863 1518 iracundiam.

58 1545 62 1553 “
91 1536 304 1600 *Absentem
328 1535 441 1612 laedit,
465 1557 535 1597 cum
558 1536 648 1595 ebrio
669 1537 725 1628 spii
743 1538 853 1619 litigat.

93 1618 242 1698 Accipias
264 1627 405 1697 praestat
429 1638 522 1700 quam
543 1613 661 1674 inferas
682 1615 836 1679 iniuriam.
1065 1619 1084 1678 5

92 1694 111 1730 ¹³
131 1698 182 1755 Ad
205 1697 411 1756 calamitatem
431 1696 564 1779 quilibet
584 1699 694 1754 rumor
712 1695 808 1754 valet.

92 1769 144 1835 Ad
169 1775 233 1835 duo
255 1774 405 1854 festinans
424 1787 573 1837 neutrum
594 1775 675 1835 bene
698 1775 877 1868 peregeris.

92 1855 111 1890 *
134 1856 186 1915 Ad
206 1857 431 1937 poenitendum
454 1876 515 1938 pro
541 1867 626 1931 erat,
651 1855 715 1917 cito
738 1876 794 1938 qur
813 1853 962 1914 indicat.r

91 1935 269 2075 Adspicere
290 1948 437 2018 oportet,
461 1877 615 2021 quidquid
638 1935 718 1997 nolis
740 1933 889 2029 perdere.
914 1947 946 1981 f

91 2015 110 2051 ⁴¹²
129 2019 158 2075 A
201 2017 325 2077 tristem
346 2029 470 2099 partem
493 2029 621 2079 strenua
645 2027 694 2076 est
713 2016 860 2097 susptcio.
1023 2031 1083 2078 *to

91 2095 227 2157 Adulter
246 2109 293 2157 est
312 2098 419 2157 uxoris
442 2109 562 2160 amator
581 2098 696 2159 acrior.
893 2113 916 2148 s

91 2176 110 2212 ⁴*
133 2179 240 2237 neore
265 2178 497 2258 reprehendas,
519 2177 607 2262 quod
628 2179 708 2238 sinas
729 2194 962 2239 consuescere.‘

91 2256 156 2316 Aes
180 2221 361 2317 debitorem
381 2258 470 2332 leve,
492 2279 589 2341 grave
609 2258 769 2318 inimicum
790 2257 876 2318 facit.

89 2337 189 2396 Aetas
213 2337 378 2398 cinaedum
398 2338 499 2415 celat,
520 2351 605 2400 aetas
622 2337 747 2398 indicat.
768 2337 786 2373 ³*
1051 2368 1055 2375 ·

92 2415 111 2451 ⁴¹²
131 2415 245 2476 Aliena
263 2417 371 2496 nobis,
391 2430 500 2478 nostra
520 2420 592 2500 plus
613 2419 680 2479 aliis
700 2418 836 2501 placent.
1041 2417 1089 2480 '15'
1139 2447 1141 2452 ⁴

92 2492 111 2531 ¹¹
132 2496 277 2556 Alienum
298 2517 351 2558 aes
372 2498 491 2559 homini
513 2500 651 2581 ingenuo
673 2498 788 2559 acerba
809 2498 1063 2562 ementitus*

92 2573 239 2635 Alienum
262 2588 313 2637 est
334 2599 427 2638 omne
448 2579 602 2662 quidquid
624 2578 763 2661 optando
788 2579 885 2641 venit.
976 2611 978 2614 >

76 2653 184 2716 Alius
206 2654 239 2713 in
258 2656 324 2717 aliis
344 2659 441 2720 rebus
462 2671 511 2718 est
529 2659 749 2740 praestantior.

94 2793 286 2810 Μ

144 2887 168 2919 v.
189 2886 211 2919 ι.
238 2867 357 2922 Adhibet
385 2874 486 2925 Seneca
517 2872 601 2938 Epist.
628 2872 704 2921 XXX
731 2871 799 2925 banc
829 2879 1004 2944 sententiam,
1036 2878 1083 2928 sed

94 2938 193 2989 omisso
214 2937 302 2987 Publii
318 2942 434 2993 nomine.
453 2971 487 2982 -
503 2958 526 2988 ν.
548 2957 573 2989 2.
592 2941 623 2988 ln
642 2940 733 2991 codd.»
748 2943 834 2993 Publii
854 2946 920 2999 Srri.
939 2948 1081 3014 Inscriptio

90 3015 166 3058 ,vetus
184 3007 285 3056 Romae
303 3003 425 3074 (Gruter.
448 3027 475 3077 p.
493 3007 564 3074 928.)
590 3007 628 3056 Ab
644 3011 697 3059 αίιό
711 3029 803 3079 speres
820 3003 907 3064 altero
924 3015 1082 3084 qnodsec'e·

94 3075 144 3123 ris.
163 3099 197 3110 -
223 3092 246 3123 v.
267 3075 290 3124 5.
308 3075 418 3127 Botbius
436 3077 539 3127 addidit
556 3093 610 3126 uon
625 3087 753 3128 annotans
770 3080 850 3131 unde.
877 3109 910 3118 -
948 3101 971 3130 v.
992 3100 1015 3149 7.
1036 3083 1081 3131 lti-

93 3142 164 3192 dem.
182 3169 215 3180 —
246 3161 269 3192 v.
291 3160 329 3194 η.
347 3146 383 3195 Ut
400 3145 498 3203 Publii,
512 3161 616 3194 versum
636 3145 715 3196 babet
732 3151 758 3197 S.
776 3150 950 3220 Hieronymus
969 3152 996 3199 in
1018 3152 1081 3217 Epi·

92 3211 162 3260 stola
180 3210 216 3260 ad
232 3213 307 3262 Laet.
335 3244 368 3254 -
406 3231 430 3264 v.
455 3215 493 3265 15.
518 3213 607 3263 Publii
634 3215 699 3281 Syri.
724 3215 756 3264 V.
779 3219 882 3267 Salvian
901 3221 940 3268 De
960 3217 1081 3268 Gubern.

93 3280 142 3328 Dei
159 3278 179 3327 1.
197 3297 223 3346 p.
241 3281 282 3330 33.
302 3280 355 3350 (29·
375 3281 417 3332 ed.
435 3280 533 3349 Brem.)
559 3310 589 3320 -
612 3301 635 3335 v.
662 3298 701 3346 ¹7·
720 3284 817 3332 Publio
835 3286 901 3353 Syro
921 3286 1081 3339 tribuitura

94 3348 195 3398 Seneca
216 3348 300 3415 Epist.
325 3351 395 3402 Vlll.
422 3348 498 3400 Both.
524 3350 643 3401 Ala‘ertum
670 3359 711 3398 est
733 3349 838 3411 bomine
866 3370 917 3421 pro
941 3371 1026 3405 emm.
1049 3382 1082 3394 -

126 3439 206 3489 Publ.
225 3438 281 3506 Syr.
879 3451 900 3496 l
934 3467 938 3472 ’
