2386 3758
80 244 115 299 34
511 239 542 290 P.
568 238 644 291 flYRI

82 387 101 426 ⁴*
120 387 268 464 Nescias,
284 384 362 473 quid
383 388 495 468 optes,
515 398 570 451 aut
590 383 668 470 quid
691 383 812 468 fugiam
833 385 877 463 ita
897 385 979 456 ludit
998 384 1082 452 dies.
1164 436 1168 445 ,

81 471 130 530 Ne
154 469 193 528 sit
217 467 299 529 inter
320 465 436 528 amicos
456 468 549 544 dicta,
571 466 626 549 qui
649 465 737 526 foras
758 465 907 527 eliminet.
1009 484 1012 490 ·

46 623 48 627 Ι
81 549 121 608 Ni
164 547 260 608 radus
281 559 440 626 servetur,
459 548 538 608 nulli
557 557 644 609 tutus
665 555 714 605 est
735 564 875 605 summus
898 548 999 609 locus.
1022 550 1083 630 985
1127 569 1131 588 ¹

81 569 231 689 Nildrene
245 640 278 690 te
290 625 427 724 prodest
442 628 598 703 didicisse,
618 623 728 686 facere
743 623 769 684 si
784 643 889 685 cesses
905 626 998 693 bene.

82 708 135 769 Nil
158 720 223 769 tam
245 707 377 770 dillicile
405 719 455 770 est
480 707 556 793 quin
585 704 770 789 quaerendo
797 706 983 789 investigari
1008 727 1083 789 pos·

94 792 98 803 '
282 787 353 849 siet.

81 869 230 931 Nondum
250 867 328 929 felix
349 887 395 945 es,
417 867 444 929 si
462 863 711 928 nondumunba
730 879 764 928 te
787 861 942 925 derideat.
1065 918 1067 923 .

81 950 154 1009 Non
175 959 222 1008 est
242 947 320 1012 alius
340 948 418 1024 tanti
438 958 598 1031 quaestus,
619 967 725 1029 quam,
750 944 838 1029 quod
864 943 991 1024 habeas,
1008 966 1083 1028 par·

283 1047 365 1090 cere.
536 1054 541 1058 ⁴
776 1033 782 1049 “

83 1106 156 1165 Νοη
176 1104 207 1183 in
229 1107 400 1168 solitudine
420 1106 512 1167 aliter
530 1106 631 1186 vires,
652 1105 744 1166 aliter
763 1105 794 1166 in
814 1103 900 1167 foro.
1017 1078 1104 1189 99⁰.

82 1184 102 1221 *³
127 1186 231 1261 Nulla,
248 1206 329 1270 quae
349 1185 465 1247 multos
487 1186 603 1249 amicos
626 1186 760 1268 recipit,
790 1197 921 1269 angusta
948 1197 997 1259 est
1024 1187 1082 1249 do·
1121 1209 1123 1213 ¹

281 1286 361 1325 mus.
1124 1320 1126 1324 ,
1171 1274 1176 1289 ’

84 1349 102 1390 ²³²
125 1346 219 1406 Nulla
240 1356 304 1405 tam
327 1344 411 1425 bona
430 1357 479 1406 est
497 1344 637 1422 fortuna,
653 1345 695 1407 de
711 1365 774 1430 qua
788 1342 832 1404 nil
851 1342 955 1427 possis
977 1320 1099 1426 queri*

82 1430 101 1470 ²²³
114 1429 292 1510 ‚Nunquam
305 1424 601 1518 ·melius.morimur
622 1425 767 1489 homines
791 1447 886 1510 quam
906 1423 962 1485 ubi
981 1424 1083 1487 liben-

280 1513 331 1564 ter
351 1503 495 1568 vivimus.

82 1581 285 1664 *obiurgari
299 1583 330 1665 in
344 1584 521 1665 calamitate
549 1588 655 1650 rarius
672 1598 721 1649 est
733 1607 826 1670 quam
839 1584 1007 1655 calamitas.

19 1727 31 1746 ,Α
82 1663 169 1724 Odio
191 1674 321 1742 oportet
339 1676 375 1725 ut
417 1668 556 1748 eccandr,
580 1689 644 1729 non
657 1679 758 1742 metu,
777 1664 872 1727 facias
885 1664 1013 1728 bonum.
1023 1666 1083 1755 995

85 1742 205 1803 Omnes
227 1743 322 1805 vitam
343 1746 376 1807 di
404 1761 495 1822 erent
550 1770 639 1811 mors
659 1748 780 1809 incerta
800 1746 977 1827 praevenit.

83 1823 214 1905 Optime
235 1825 377 1922 positum
397 1840 446 1889 est
467 1829 488 1890 b
530 1826 668 1906 elicium,
689 1826 746 1888 ubi
767 1826 847 1903 eius,
869 1826 925 1908 qui
950 1825 1085 1909 accepit,

280 1910 472 1970 meminerit.

55 1987 56 1992 ’
86 1981 255 2065 Optimum
276 1999 325 2048 est
345 1988 436 2070 sequi
457 1988 604 2062 maiores,
625 1996 715 2046 recte
736 1984 761 2044 si
781 1982 1025 2066 praecesserint.

86 2063 189 2124 Patris
213 2064 362 2126 delictum
382 2087 502 2129 nocere
526 2085 686 2159 nunquam
708 2062 803 2124 debet
823 2061 900 2126 titio.

81 2143 221 2203 Pecunia
237 2146 420 2222 estancilla,
435 2146 463 2207 si
484 2147 545 2208 scis
567 2156 631 2223 ut13
652 2144 679 2203 si
692 2143 805 2218 nescis,
818 2140 905 2204 hera.
925 2143 946 2203 i.
959 2154 982 2205 t.
1002 2165 1083 2208 rooo
1158 2179 1180 2210 ·.

73 2221 251 2304 Plerique,
273 2224 328 2284 ubi
348 2225 415 2285 aliis
436 2227 645 2300 maledicunt,
665 2222 786 2284 faciunt
809 2221 868 2284 sibi
889 2224 1080 2286 convicium.

81 2302 277 2383 Principium
295 2375 297 2380 Α
313 2316 362 2398 est
391 2304 569 2381 discordiae
606 2324 646 2366 ex
677 2304 836 2365 communi
872 2303 981 2366 facere
1008 2327 1085 2388 pro-

251 2425 254 2430 ·
306 2404 405 2444 rrum.
499 2421 501 2424 -

70 2461 104 2527 a*
125 2403 378 2551 Quantodirius
403 2475 567 2546 peccatur,
587 2476 676 2528 tanto
698 2463 849 2546 incipitur
868 2463 1004 2545 turpius.

85 2542 193 2629 Quem
216 2544 303 2606 bono
318 2555 431 2607 tenere
451 2565 514 2608 non
533 2546 691 2629 potueris,
714 2545 876 2607 contineas
897 2545 990 2606 malo.

86 2696 283 2729 .-...,.....

85 2809 167 2860 invito
186 2816 282 2860 metro.
304 2808 477 2927 Quapropter
494 2807 619 2862 Bothius:
647 2806 784 2858 Neminem
804 2805 851 2856 vel
875 2785 1018 2856 accusiaris
1038 2802 1085 2869 uel
1145 2771 1169 2858 ,μ

86 2889 117 2928 tu
137 2875 264 2926 laudaris
282 2879 347 2927 cito.
391 2893 418 2927 es
439 2878 545 2928 illonirts
571 2879 598 2927 in
618 2876 779 2926 Gruteriana
800 2874 918 2926 lectione
938 2872 1083 2924 accusabis
1111 2868 1113 2873 ⁴

87 2946 197 3013 reponit
215 2960 265 3012 pro
283 2946 472 2994 accusam's.·-
487 2962 510 2995 v.
527 2942 586 3012 984.
607 2943 656 2994 Ed.
675 2941 751 2993 Both.
772 2950 882 2996 auctore
904 2959 960 2992 non
979 2937 1085 2992 addito.
1133 2974 1136 2982 -

85 3013 224 3065 Sententia
251 3013 362 3064 fumasse
388 3014 462 3063 fluxit
486 3028 518 3064 cx
541 3011 641 3074 Horatii
658 3013 722 3062 loeo
741 3009 825 3078 Epist.
842 3012 864 3077 1,
883 3011 909 3077 5,
927 3007 970 3075 24.
994 3038 1028 3049 -
1051 3025 1084 3080 nc
1184 3039 1187 3045 -

79 3081 155 3152 fidos
170 3083 243 3130 inter
256 3081 359 3130 amicos
372 3079 492 3150 St't,qut'
507 3078 583 3130 dicta
595 3078 685 3148 foras
704 3079 825 3130 eliminet.
854 3106 888 3118 -
911 3096 935 3127 v.
954 3078 1014 3142 987.
1031 3075 1083 3127 Ed.

85 3149 163 3213 Both,
181 3148 228 3199 Est
244 3156 399 3200 tetrameter
418 3147 555 3216 iambicus.
578 3175 609 3186 -
626 3167 649 3198 v.
668 3149 727 3214 993.
746 3148 819 3198 Libri
839 3148 990 3216 Nusquam.
1014 3143 1084 3194 Cor·

84 3219 152 3270 rexit
169 3216 245 3267 Both.
267 3245 296 3256 -
315 3235 338 3266 v.
361 3227 433 3271 1000.
450 3215 496 3265 Est
516 3214 673 3268 tetrameter
692 3213 830 3269 iambicus.
855 3213 934 3279 vulg.
951 3213 978 3261 st'
994 3212 1083 3262 nescis

87 3284 197 3335 domina
215 3294 263 3335 est.
281 3282 567 3350 EmendavitBothius,
579 3284 725 3352 eademque
735 3283 948 3335 emendationem
963 3282 988 3329 in
1006 3278 1082 3330 sche-

85 3352 125 3402 dis
144 3353 352 3406 Desbillonianis
367 3352 507 3405 iuveni·
528 3365 638 3407 v.roor.
651 3348 920 3432 Legebaturfucr'unt
932 3349 1083 3401 conuictum
