2386 3758
98 268 134 323 aa
424 240 479 311 du.
499 238 628 309 narru
646 254 784 308 rnnsus,

171 408 237 470 lam
257 407 319 469 iam
340 401 502 466 albicascit
520 403 670 467 Phoebus
691 413 724 464 et
745 415 927 467 recentatur

94 488 270 550 Commune
292 487 399 546 lumen
421 483 563 547 omnibus
585 487 813 568 voluptasque:

95 570 304 673 Quapropter
323 564 473 626 edulcare
494 565 643 626 convenit
665 563 776 642 vitam,

92 653 258 735 (aurasque
281 643 413 706 acerbas
434 642 576 705 sensibus
597 642 797 725 gubernare,

91 730 235 814 Sinuque
258 726 390 787 amicam
409 723 555 805 recipere
578 723 729 807 frigidam
748 722 859 805 caldo,

93 805 371 890 Columbatimque
393 822 564 865 conserere
584 803 682 865 labris
701 802 799 868 labra.

93 885 309 950 iam-tonsiles
330 894 454 965 tapetes
475 882 556 943 ebrii
574 882 699 964 fuco,—

92 970 184 1054 Quos
205 963 327 1030 concha
346 981 491 1046 purpura
510 961 653 1051 imbuens
672 965 904 1038 venenavit...
925 1014 936 1037 .
1019 1011 1022 1017 -

95 1121 293 1141 μ

147 1212 202 1266 Hos
220 1223 310 1261 versus
326 1203 526 1275 Hipponacteos
544 1222 559 1257 e
578 1205 657 1258 variis
675 1207 708 1259 Α.
721 1207 792 1260 Gelli
811 1214 843 1261 cri
858 1209 945 1271 itibus
963 1210 991 1261 iu
1010 1211 1096 1266 breve

59 1322 62 1327 .
95 1290 204 1334 'carmen
221 1272 358 1328 coniunxit
379 1276 451 1324 Petr.
470 1272 635 1326 Burmannus
657 1275 685 1326 in
709 1276 872 1345 Anthologia
889 1280 935 1329 lat.
954 1280 1098 1348 Epigram-

94 1357 169 1401 mntt.
197 1345 256 1395 Lib.
273 1344 320 1393 111.
339 1342 372 1393 N.
394 1343 449 1399 189.
478 1343 556 1393 Tom.
582 1343 604 1393 1.
629 1360 656 1412 p.
682 1345 743 1396 630.
768 1347 918 1414 praemissis
946 1347 1056 1400 duobus
1084 1369 1100 1403 e

94 1413 235 1469 Macrobio
264 1411 405 1476 versibus,
433 1427 500 1478 quos
523 1418 613 1463 tamen
644 1414 707 1480 quia
739 1428 801 1466 cum
836 1431 865 1465 se
885 1415 1011 1468 uentibus
1039 1428 1099 1468 non

95 1483 248 1543 cohaerent,
274 1480 408 1531 Orellium
426 1477 564 1547 (Carmina
580 1482 742 1534 sententiosa
767 1485 845 1533 Toni.
867 1432 890 1532 d.
910 1493 936 1552 ρ’.
956 1483 1032 1553 306.)
1053 1501 1098 1538 se·

95 1565 179 1618 quens
198 1547 284 1598 omisi.
301 1547 393 1600 Edidit
411 1546 521 1601 eosdem
543 1563 633 1601 versus
655 1551 735 1602 etiam
757 1551 894 1618 Zieglerus
921 1553 948 1602 in
967 1553 1098 1621 Disputa-

93 1614 170 1668 iione
188 1630 269 1684 supra
287 1616 396 1669 laudata
412 1635 443 1687 p.
469 1617 513 1685 67.
538 1643 573 1656 -
600 1634 666 1670 vers.
686 1620 711 1672 5.
732 1619 842 1671 Vossius
859 1619 960 1672 marul't
982 1619 1098 1694 rfieere

94 1692 145 1755 pro
162 1685 291 1756 recipere.
308 1712 343 1730 ··
360 1701 428 1742 vers.
444 1687 471 1740 o.
488 1698 636 1740 conserens
652 1686 731 1740 fleur.
749 1685 907 1771 stephanon
