2386 3758
105 224 153 285 ¹32
375 216 420 271 DE
438 218 601 272 smtrostt
620 216 847 274 nantuacus·
930 265 933 275 .

102 371 259 433 editiones
288 367 453 430 maximam
481 379 605 449 partem
630 366 833 449 Symphorion
854 368 1027 450 exhibent3
1048 374 1099 434 alii

100 474 317 553 Sarnplrrost'um
339 483 371 532 et
396 472 654 554 Symphorosium
676 469 829 532 Pithoeus
857 474 970 554 procul
1000 475 1099 538 dubio

100 578 245 640 codicem
276 574 410 655 aliquem
437 592 590 655 sequens,
620 573 747 639 Caelium
771 576 988 657 Sampdosinm,
1010 579 1099 660 quod

100 679 229 763 quidem
254 673 478 741 Wernsdoriin
511 676 681 760 genuinum
712 697 828 741 numen
856 697 927 740 esec
956 677 1097 742 videtur.

100 784 162 842 lam
184 798 256 839 cum
276 778 348 838 bina
375 780 532 860 poematia
552 781 601 838 De
623 778 763 838 Fortuna
783 791 815 839 et
835 783 887 841 Ile
907 779 1023 841 invidia
1046 803 1098 841 ex-

100 896 183 945 stent
208 881 267 965 sub
289 882 384 942 Caelii
403 884 548 940 Fimn'ani
577 880 745 963 Sympdnsii
763 880 906 958 nomine,
928 883 1097 963 probabile

99 1000 157 1062 est,
178 1002 283 1045 unum-
298 983 500 1068 eundemque
514 980 728 1064 aenigmatum
739 992 791 1044 et·
809 1003 928 1045 eorum·
944 990 1096 1045 versuum

98 1111 168 1152 esse
190 1098 363 1163 auctorem,
383 1099 479 1168 atque
501 1084 545 1144 ibi
560 1083 720 1167 integrum
741 1086 808 1147 eius
831 1106 944 1148 nomen
964 1089 1096 1152 servari.

97 1194 201 1254 Etiam
224 1189 392 1253 obscurior
419 1209 513 1271 quam
542 1206 656 1249 nomen
681 1198 766 1249 aetas
790 1201 839 1276 est
863 1189 1029 1272 scriptoris
1064 1203 1096 1252 ct

96 1300 207 1380 patria.
236 1292 286 1355 nd
301 1286 437 1351 intimam
453 1287 633 1350 barbariam
655 1308 727 1350 eum
748 1311 812 1354 non
833 1311 902 1355 esse
922 1288 1095 1352 detruden-

97 1403 171 1461 dum
193 1410 225 1459 et
248 1391 398 1469 orationis
426 1411 524 1475 genus
555 1392 692 1455 ostendit
719 1403 753 1454 et
772 1391 932 1456 Aldbelmi
952 1393 1095 1455 testimo-

96 1502 182 1562 nium
205 1493 380 1564 confirmat,
402 1494 567 1577 scriptoris
587 1495 646 1558 Vll
672 1493 807 1577 saecuti,
835 1494 890 1580 qui
918 1495 1037 1577 etipse
1060 1498 1094 1558 li-

94 1603 188 1664 brum
210 1599 419 1683 aenigmatum
440 1599 655 1677 concinnavit,
683 1598 714 1658 in
735 1599 824 1661 cuius
847 1599 986 1683 prologo
1007 1599 1094 1681 Sym-

94 1704 219 1789 posium
252 1715 400 1788 tanquam
433 1704 644 1789 antiquiorem
680 1722 715 1763 se
753 1702 946 1785 scriptorem
977 1706 1094 1768 laudat.

95 1807 307 1888 Christianum
334 1805 533 1889 symposium
560 1826 624 1868 non
643 1804 742 1868 tuisse
760 1807 916 1893 prologus
935 1807 1034 1870 libelli
1054 1811 1092 1870 ad

94 1904 225 1972 Sextum
246 1911 403 1996 quendam
424 1910 560 1994 scriptus
580 1909 742 1995 significat,
762 1909 793 1969 in
813 1929 878 1992 quc
901 1909 1094 1977 Saturnalic-

92 2038 163 2079 rum
193 2015 332 2076 hilaritas
371 2013 419 2074 his
450 2012 595 2076 versibus
631 2010 866 2073 conscribendis
894 2013 1093 2076 occasionem

92 2098 222 2178 ¹dedisse
246 2117 378 2197 dicitur3
408 2120 496 2203 quod
523 2126 640 2175 utnon
662 2112 815 2174 abhorret
837 2135 855 2174 a
875 2114 1093 2180 Romanorum

94 2219 340 2300 consuetudine,
374 2222 429 2305 qui
452 2239 512 2306 per
536 2216 629 2276 huius
657 2214 733 2308 festi
765 2202 923 2279 licentiam
955 2221 1092 2283 carmina

92 2321 243 2382 iocularia
264 2334 297 2382 et
316 2322 443 2386 libellos
455 2319 666 2404 nequitiarum
679 2320 793 2402 plenos
814 2321 936 2383 muneri
955 2320 1090 2383 invicem

93 2422 154 2484 sibi
178 2423 353 2505 mitterent,
372 2423 415 2484 ita
436 2423 468 2484 in
490 2421 700 2485 Christianum
717 2424 877 2486 hominem
893 2447 956 2487 non
975 2425 1090 2488 cadere

92 2525 229 2587 videtur.
271 2528 443 2588 Praeterea
471 2523 613 2588 eiusdem
648 2526 782 2612 Prologi
822 2519 936 2589 versus
967 2528 1089 2609 primus

92 2627 216 2694 verbis:
253 2631 360 2709 „Haec
383 2631 512 2712 ῳιοφιιιι
540 2616 771 2694 Weritsdcrlio
795 2650 932 2712 arguere
955 2631 1090 2703 videtur,

92 2731 185 2815 plura
209 2731 268 2793 alia
290 2730 431 2792 eiusdem
459 2732 637 2816 argumenti
657 2729 857 2817 symposium
875 2731 1001 2811 ‘incisam
1021 2730 1090 2817 quiss

92 2835 152 2896 bus
176 2833 255 2896 baec
275 2834 448 2917 aenigmata
469 2833 685 2917 subiungeret.
819 2829 824 2835 ’

171 2938 292 2998 Noram
311 2935 351 2996 de
376 2936 584 3019 aenigmatum
604 2949 735 3001 anctore
757 2936 981 3016 coniecturam,
1005 2958 1087 3002 eam·

86 3062 157 3124 que
180 3039 253 3115 satis
274 3037 448 3120 speciosam
469 3032 603 3122 protulit
623 3024 836 3116 Heumannus‚
857 3036 912 3127 qui
933 3039 1088 3122 Symposii

92 3163 208 3204 nomen
221 3162 283 3202 non
298 3134 462 3216 scriptoris
483 3137 539 3200 sed
560 3138 660 3200 totius
678 3141 787 3218 libelli,
808 3154 902 3229 atque
924 3153 1088 3203 auctorem

93 3234 182 3296 illum
203 3235 451 3298 Christianorum
474 3241 662 3305 Ciceronem
684 3265 753 3307 esse
776 3246 937 3307 contendit
956 3246 994 3310 It.
1011 3248 1087 3307 Cae·

91 3338 171 3399 lium
192 3338 382 3401 Firmianum
402 3343 614 3424 bastardum,
642 3357 678 3408 ut
703 3367 850 3430 germana
877 3346 1086 3433 praescriptio
