2386 3758
172 541 240 657 D,
296 536 585 645 LBERll.
644 518 1095 641 PROLOGUS.

279 793 323 875 (E
338 783 499 860 'Macrobii
519 789 643 851 saturn.
667 788 739 851 Lib.
753 789 798 849 ll.
818 790 893 872 Cap.
915 789 998 874 Vll.)

217 980 391 1046 Laberium
426 999 556 1064 asperae
590 979 748 1042 libertatis
786 979 927 1064 equitem
960 983 1143 1044 Romanum

140 1067 257 1127 Caesar
293 1062 470 1147 quingentis
507 1058 645 1121 millibus
673 1061 834 1140 invitavit,
867 1074 903 1122 ut
925 1061 1078 1156 prodiret
1107 1063 1142 1123 in

140 1164 264 1205 scenam
289 1144 410 1224 etipse
432 1163 449 1201 s
474 1152 544 1201 eret
563 1140 692 1225 mimos,
721 1163 802 1225 quos
824 1142 1032 1225 scriptitabat.
1074 1141 1143 1203 Sed

139 1236 296 1307 potestas,
332 1243 396 1282 uon
425 1162 527 1282 solum
553 1219 581 1280 si
608 1219 738 1298 invitet,
769 1222 829 1283 sed
857 1235 891 1285 et
917 1223 944 1283 si
970 1221 1144 1316 supplicet,

140 1305 243 1388 cogit3
263 1300 350 1362 unde
368 1321 403 1362 se
428 1312 461 1363 et
478 1300 633 1361 Laberius
654 1321 672 1362 a
695 1302 831 1364 Caesare
851 1314 998 1365 eoscum
1016 1323 1050 1362 rn
1064 1321 1142 1383 pro·

139 1384 214 1466 logo
238 1390 374 1441 testatur
396 1380 445 1443 bis
466 1380 630 1442 versibus:

218 1483 413 1558 Necessitas,
434 1486 524 1546 ouius
546 1505 658 1549 cursus
679 1482 853 1548 transversi
876 1482 1032 1564 impetum

139 1564 324 1629 Voluerunt
344 1564 434 1625 multi
454 1565 618 1650 effugere,
639 1567 735 1648 pauci
754 1573 949 1647 potuerunt,

140 1645 212 1722 Quo
233 1660 286 1703 me
307 1641 444 1708 detrusit
463 1667 564 1741 paene
585 1647 733 1709 extremis
754 1640 925 1706 sensibus?

140 1724 243 1801 Quem
263 1723 350 1785 nulla
374 1726 522 1804 ambitio,
541 1727 627 1788 nulla
649 1746 788 1810 unquam
809 1723 954 1806 largitio,

138 1803 248 1864 Nullus
269 1803 385 1883 timor,
405 1808 454 1870 vis
475 1806 580 1883 nulla,
597 1806 685 1867 nulla
705 1802 879 1866 auctoritas
1120 1807 1140 1868 5

138 1886 271 1948 Movere
292 1887 400 1967 potnit
418 1888 451 1947 in
473 1886 600 1948 iuventa
620 1888 662 1947 de
685 1897 786 1960 statu,

139 1966 227 2027 Ecce
245 1967 278 2027 in
299 1980 428 2028 senecta
447 1978 483 2028 ut
502 1964 597 2026 facile
620 1963 772 2025 labefecit
795 1962 869 2022 loco

139 2046 208 2108 Viri
232 2046 431 2122 excellentis,
455 2055 562 2105 mente
584 2043 732 2106 clementi
757 2041 859 2118 edita,

138 2125 300 2187 Submissa
319 2125 464 2208 placide,
483 2122 727 2207 blandiloqueus
749 2123 865 2184 oratio.

138 2205 266 2267 Etenim
284 2205 346 2288 ipsi
365 2206 409 2267 Di
427 2222 547 2286 negare
568 2204 619 2266 eui
638 2201 715 2264 nihil
735 2212 929 2285 potuerunt,
1103 2223 1139 2263 ro

154 2357 326 2369 *—

192 2444 342 2511 Prologus.
360 2443 469 2494 Praeter
485 2441 617 2494 Macrobii
642 2439 775 2494 editiones
804 2438 934 2491 exhibent
951 2437 1023 2494 hune
1044 2443 1140 2510 prolo-

139 2531 201 2577 gum
217 2513 248 2563 H.
267 2511 415 2581 Stephanus
428 2511 626 2577 inFrngmentis
644 2518 765 2562 veterum
782 2516 924 2576 poetarum
940 2527 966 2577 p.
985 2511 1044 2561 283.
1067 2512 1141 2562 Petr.

140 2580 303 2631 Burmannus
327 2581 354 2630 in
379 2577 541 2646 Anthologia
564 2581 720 2631 Latinorum
739 2579 758 2627 E
779 2577 964 2643 igrammatum
983 2587 1010 2629 et
1025 2579 1140 2629 Poema-

139 2656 196 2697 tum
214 2650 273 2699 Lib.
291 2649 338 2698 Ill.
355 2648 407 2698 No.
428 2658 484 2698 ιοι.
503 2655 531 2698 et
546 2664 613 2716 quos
628 2649 702 2699 idem
717 2595 818 2697 ibilem
830 2642 924 2696 laudat
937 2664 964 2714 p.
978 2647 1043 2711 5533
1060 2648 1140 2697 Mait-

139 2718 206 2767 tuire
222 2719 249 2765 in
268 2717 292 2765 Ο
313 2715 401 2768 eribus
420 2723 446 2766 et
470 2717 619 2782 Fragment.
653 2722 716 2767 vett.
742 2721 887 2782 poetarum
908 2715 955 2764 lut.
974 2716 1007 2764 T.
1024 2715 1060 2765 11.
1077 2714 1140 2764 Car.

140 2783 207 2833 Lud.
234 2735 338 2850 Ziegler
362 2785 389 2833 in
416 2781 601 2852 Disputatione
634 2782 669 2834 de
695 2782 782 2831 mimis
809 2781 991 2832 Romanorum
1016 2782 1139 2847 Gotting.

142 2852 215 2915 1788.
234 2852 258 2902 8.
277 2852 368 2902 loann.
386 2849 468 2902 Conr.
487 2852 607 2903 Orellius
626 2853 653 2902 in
661 2852 805 2901 Poetarum
823 2856 886 2900 vett.
905 2850 1014 2901 latinos.
1034 2849 1139 2902 Carmi-

140 2920 195 2969 nib.
222 2919 401 2970 sententiosis.
424 2921 495 2988 Lips.
531 2921 605 2970 18sa.
632 2921 712 2969 Tem.
735 2917 756 2967 Ι.
778 2934 806 2986 p.
826 2918 869 2969 68.
892 2917 966 2968 Frid.
985 2918 1064 2968 llenr.
1087 2918 1140 2966 so·

139 2987 209 3037 thius
231 2987 259 3036 in
277 2989 364 3037 Tomo
384 2988 415 3038 V.
434 2987 578 3040 Poetarum
596 2989 765 3040 scenicorum
790 2987 835 3036 lat.
862 3015 894 3026 -
917 3002 988 3038 vers.
1004 2999 1030 3048 3.
1049 2995 1140 3033 extre·

140 3055 186 3104 rm's
204 3053 329 3104 sensibus
350 3062 467 3106 extrema
489 3056 543 3107 sive
567 3056 656 3108 senilis
675 3064 745 3106 aetus
772 3052 953 3120 significatur3
976 3052 1024 3103 sed
1048 3053 1139 3119 plures

140 3123 300 3175 coniecturis
317 3125 410 3174 locum
428 3130 572 3173 tentarunt.
599 3125 629 3174 L.
647 3123 784 3173 Fruterius
801 3121 827 3172 in
846 3122 968 3190 Epistola
993 3119 1027 3170 ud
1045 3122 1139 3171 Mure·

140 3199 196 3241 tum
210 3191 276 3257 legit
293 3191 423 3240 extremis
442 3189 575 3254 censibus,
604 3199 633 3242 ut
651 3192 817 3257 intelligutur
837 3189 986 3258 praemium
1008 3188 1138 3254 quingen·

139 3267 229 3310 torum
246 3260 363 3310 millium
381 3259 496 3309 Laberio
514 3275 528 3309 a
550 3257 663 3311 Cessare
682 3257 787 3322 datum;
805 3257 1014 3324 Oudendorpius
1033 3273 1137 3322 exculp-

140 3327 175 3378 tis
187 3328 241 3381 sive
253 3328 353 3399 ereptis
367 3325 504 3392 semibus,
523 3328 564 3379 vel
578 3329 669 3397 potius
687 3336 826 3377 extorrem
848 3323 994 3388 sensibus,¹
1014 3322 1137 3376 barthius
