2386 3758
398 759 588 822 DIONYSll
613 757 795 822 CATONIS

191 824 1021 1012 otsircrrortcm

494 1112 539 1153 DE
559 1113 704 1156 ttontntls

408 1231 438 1292 A
459 1230 490 1290 D
530 1228 557 1287 F
578 1229 591 1288 1
613 1229 640 1287 L
662 1228 725 1290 lU
747 1232 780 1290 Μ

504 1364 610 1414 LIBER.
635 1363 683 1415 lll.

498 1486 694 1502 ι--ιιυ--ι--θ

469 1607 726 1664 PRAEFATIO.

98 1747 171 1808 Hoc
193 1744 374 1829 quicunque
395 1744 476 1808 velis
497 1764 624 1807 carmen
645 1764 839 1827 cognoscere
864 1747 992 1824 Lector,

99 1827 206 1906 Quum
229 1846 344 1906 praece
368 1838 400 1887 ta
421 1825 518 1904 ferat,
539 1845 621 1910 quse
643 1838 715 1886 sunt
737 1826 912 1908 gratissima
932 1829 1027 1906 vitae,

98 1904 274 1968 Commoda
296 1848 395 1967 muita
414 1905 512 1971 feres.
555 1906 611 1966 Sin
631 1918 736 1967 autem
761 1907 922 1988 spreveris
943 1908 1032 1988 illud,

96 1989 168 2051 Nou
189 2007 240 2048 me
261 1986 469 2069 scriptorem,
492 1986 549 2049 sed
569 1997 601 2047 tc
622 1986 803 2070 neglexeris
821 1987 900 2068 ipse.

511 2135 612 2200 Dist.
655 2136 680 2201 l.

96 2250 221 2310 lustrue
245 2248 423 2330 praeceptis
445 2228 597 2330 animum,
621 2272 680 2313 nec
702 2250 826 2310 discere
847 2267 968 2326 cesses3

98 2330 177 2390 Nam
198 2328 265 2390 sine
287 2326 427 2390 doctriua
447 2330 512 2394 vita
533 2346 582 2394 est
604 2331 694 2416 quasi
713 2329 824 2391 mortis
845 2328 961 2412 imago.

579 2450 617 2513 11.

100 2552 277 2633 (Fortunae
294 2555 384 2616 donis
406 2575 535 2639 semper
556 2579 673 2642 parere
694 2566 868 2615 memento:

97 2635 170 2695 Non
190 2632 303 2714 opibus
324 2634 406 2697 bono
426 2635 510 2699 famo
531 2639 635 2718 datur,
658 2633 715 2700 sed
735 2634 879 2697 moribus
899 2633 1004 2718 ipsis.)

166 2900 283 2951 Prwstti·
310 2916 377 2952 vers·
404 2909 426 2957 l·
448 2903 525 2955 voles
557 2918 608 2971 pro
634 2899 705 2952 velis
733 2895 821 2951 Codd.
851 2897 928 2952 Leid.
947 2912 971 2949 α.
1001 2897 1100 2952 Gollst.

99 2969 225 3033 Voss-et
246 2969 351 3020 Veterr.
368 2971 474 3037 lieg.-
492 2972 558 3022 Dist.
578 2988 599 3021 ι.
618 2972 646 3020 in
663 2968 787 3021 omnibus
805 2967 893 3019 Codd.
909 2972 937 3027 et
955 2976 1018 3019 vett.
1032 2968 1100 3020 Edd.

44 3078 51 3089 ..
100 3053 160 3087 cum
179 3035 398 3088 antecedentibus
415 3038 534 3091 versibus
552 3040 736 3091 continuatum
779 3036 956 3088 reclutionem
980 3036 1101 3088 absolvit.

99 3105 204 3156 Primus
228 3103 291 3155 inde
314 3107 426 3157 seiunxit
451 3108 577 3174 Scaliger.
612 3139 645 3149 -
680 3108 714 3156 11.
739 3055 824 3156 Airest
847 3105 899 3156 lroc
926 3103 1068 3154 distichum
1086 3123 1102 3156 a

100 3171 188 3240 Codd.
207 3171 283 3222 Leid.
304 3190 325 3223 ι.
344 3190 369 3224 2.
389 3175 459 3230 Coll.
480 3178 557 3227 Voss.
583 3183 610 3228 et
632 3173 702 3228 cod.
725 3174 790 3223 Tur.
814 3179 841 3224 et
862 3189 877 3222 n
895 3170 1017 3240 plurimis
1033 3171 1100 3224 Edd.

100 3249 162 3291 vett.
180 3248 211 3289 ut
226 3241 355 3309 Lipsiens.
375 3245 453 3294 Bssil.
472 3245 570 3294 Erusm.
592 3247 678 3295 Pulm.
698 3239 770 3304 aliis,
788 3255 877 3309 neque
897 3243 1025 3304 expressit
1039 3241 1101 3293 Ple·

102 3309 186 3359 nudes
205 3324 314 3372 graccus
336 3311 476 3381 interpres.
504 3313 560 3363 Bini
579 3328 667 3364 versus
683 3310 831 3362 contrarius
851 3306 994 3358 sententias
1013 3312 1100 3360 conti·

102 3383 176 3441 nent,
195 3384 223 3426 ut
242 3379 363 3445 copulari
382 3388 522 3449 nequeant.
543 3382 662 3448 Scaliger
680 3392 730 3448 pro
749 3393 854 3446 semper
875 3374 1019 3440 legendum
1037 3396 1087 3432 cen

859 3458 913 3515 Q*
