2424 3742
123 160 158 214 26
556 156 585 208 P.
611 157 687 216 stru

123 304 188 396 Qui
208 324 330 380 caveas,
351 320 425 363 aum
445 302 529 363 aliud
543 304 1119 391 animus,rerba'aliudpetuuttsldo

50 390 56 396 '
122 389 140 428 ’²‘
161 385 259 470 Quod
282 395 367 446 aetas
386 381 497 443 vitium
517 384 635 466 posuit,
657 397 743 447 aetas
764 386 899 462 auferet·

127 463 223 542 Quod
244 464 312 525 aliis
333 461 417 527 vitio
431 463 541 540 vertis,
561 485 600 524 ne
624 467 693 547 ipse
714 466 887 528 admiseris.
981 514 985 522 .

155 545 345 630 uodeunque
366 542 425 603 sibi
445 543 613 626 imperavit
633 546 762 624 animus,
785 546 915 609 obtinet.
1000 590 1003 595 -

154 625 219 686 uod
240 639 288 687 est
306 621 489 700 timendum,
510 624 638 718 desipis,
653 626 684 697 ‚si
710 628 861 710 negligas.
994 629 997 637 '

153 705 218 766 uod
238 705 347 767 facere
366 715 460 786 turpe
482 716 541 777 est,
561 704 729 779 dicerene
750 705 918 768 honestum
937 698 1029 787 pupi.
1060 706 1119 793 765

158 786 222 846 uod
242 785 358 868 fugere
379 785 501 858 eredas,
525 796 619 864 saepe
644 786 728 846 solet
748 806 915 848 occurere.
1059 783 1114 862 .''
1155 816 1159 825 ·

155 865 218 925 uod
238 866 357 926 nescias
378 865 430 926 cui
450 882 570 939 serves,
591 865 721 926 stultum
735 866 803 928 est
810 885 956 948 parcere.
1045 906 1066 941 ·.
1088 860 1159 931 Γ..

153 944 217 1005 uod
237 946 366 1023 nescias,
389 945 545 1004 damnare·
558 956 686 1023 summa
698 958 747 1016 est
765 947 938 1007 temeritas.
974 1000 976 1005 .
1061 996 1084 1027 ,1

154 1025 218 1086 uod
281 1026 343 1098 riit,
365 1022 481 1108 quaeri*
496 1023 579 1103 potis
601 1036 658 1101 est,
678 1026 874 1108 reprehendi
892 1027 976 1094 haud
995 1018 1132 1124 potest?
1145 1072 1158 1091 ·.

119 1114 137 1151 ’³²
158 1046 410 1195 Quodequisque
432 1113 523 1177 amat,
543 1102 698 1165 laudando
721 1107 931 1182 commendat·
943 1104 1033 1171 sibi(
1057 1113 1120 1193 ,770

119 1187 218 1270 Quod
238 1204 366 1266 semper
387 1192 435 1242 est
456 1195 616 1262 paratum,
636 1205 699 1246 non
720 1206 847 1268 semper
865 1186 963 1248 iuvat.
1015 1254 1017 1259 ,
1093 1193 1106 1211 ’·
1152 1190 1159 1233 ’·'

98 1299 101 1305 ·
119 1273 215 1348 Quod
236 1274 342 1336 senior
362 1270 515 1352 loquitur,
536 1291 644 1353 omnes
666 1268 831 1346 consilium
851 1285 974 1355 putant.
1054 1265 1062 1274 ⁰

151 1363 216 1423 uod
235 1363 356 1436 timeas,
377 1359 595 1441 citiusqnam,
615 1361 703 1445 quod
724 1382 844 1443 speres,
866 1361 981 1424 evenit.
1055 1364 1087 1394 ²⁸
1131 1426 1148 1441 Ἀ

154 1441 218 1501 uod
238 1441 292 1503 vix
313 1439 476 1523 contingit,
496 1453 533 1501 ut
552 1434 868 1524 voluptatempaiit!
901 1486 905 1494 .
934 1468 939 1481 ·
1009 1450 1018 1478 ·²
1053 1453 1055 1456 ’
1095 1502 1099 1510 ,
1156 1498 1159 1508 ,

117 1527 214 1615 Quod
234 1527 314 1603 vult,
335 1528 488 1608 cupiditas
510 1530 638 1613 cogitat,
659 1550 723 1590 non
744 1529 833 1614 quod
852 1529 956 1599 decet.
973 1599 975 1603 y
1055 1537 1120 1612 775

117 1612 134 1651 ²³²
156 1606 253 1691 Quod
273 1606 353 1683 vult,
371 1605 483 1687 habet,
505 1611 560 1694 qui
581 1611 680 1681 velle,
700 1609 789 1694 quod
812 1609 886 1671 satis
907 1619 973 1688 est,
994 1618 1118 1690 potest.
1154 1652 1157 1659 ‚

151 1687 287 1749 nondam
303 1687 398 1750 fuere
419 1691 539 1750 strenui
562 1689 685 1750 Milesii.
1029 1744 1032 1751 .

95 1796 105 1806 ··
149 1779 206 1829 uot
226 1788 347 1846 servos,
366 1770 502 1831 totidem
521 1769 674 1832 habemus
693 1769 827 1909 quisgn'e
843 1770 953 1832 hostes
975 1768 1076 1831 domi.

87 1883 89 1888 ·
120 1912 121 1916 ,
198 1850 282 1908 Rana
309 1849 510 1930 inpaludem
531 1871 570 1911 ex
591 1869 689 1910 aureo
710 1850 773 1910 resi
786 1850 811 1910 it
833 1849 977 1911 throne·
1029 1855 1065 1911 .’

115 1930 243 2010 Rapere
264 1941 313 1991 est
334 1929 490 2011 accipere,
512 1929 599 2013 quod
619 1933 682 1989 non
702 1930 805 2013 possis
825 1920 998 2000 redderes
1052 1932 1126 2014 780'

102 2009 244 2088 ‘Rapere
266 2019 323 2080 est,
343 2022 550 2091 conpetere,
571 2009 647 2093 quid
671 2010 726 2070 uid
745 2010 845 2071 invito
867 2009 1004 2071 auferas.
1035 2071 1037 2074 ,
1068 2040 1074 2079 ·,

115 2092 133 2130 ‘²‘
156 2092 274 2150 Rarum
296 2109 364 2149 esse
386 2101 524 2172 oportet,
545 2089 632 2173 quod
650 2031 707 2151 diu
731 2111 839 2152 carum
861 2090 951 2151 velis.
1052 2106 1057 2116 ·

101 2169 261 2243 Ratione,
283 2189 346 2229 non
366 2169 407 2244 vi,
428 2169 562 2231 viceuda
583 2169 797 2232 adolescentia
821 2183 879 2232 est.

53 2253 57 2258 ’
111 2249 218 2308 ,Recte
240 2268 272 2307 sa
296 2249 330 2324 it,
350 2249 472 2331 periclo
494 2251 549 2336 qui
570 2251 672 2312 alieno
695 2251 787 2332 sapit.
877 2288 879 2293 ·
1096 2306 1119 2317 ..

68 2327 71 2331 ’
114 2327 216 2389 Recte
237 2269 345 2389 vaicra
366 2341 399 2390 et
419 2349 532 2411 sapere
553 2330 617 2391 duo
641 2331 725 2392 vitae
745 2330 840 2393 bona.
1050 2324 1159 2405 785·

114 2408 239 2481 Refert,
261 2430 354 2490 quam
374 2409 443 2492 quis
464 2409 546 2472 hene
567 2411 694 2487 vixerit,
714 2432 787 2489 non,
809 2433 903 2494 quam
926 2409 994 2471 diu.
1020 2447 1022 2452 ι
1127 2462 1129 2466 .
1157 2447 1159 2451 <

116 2487 299 2549 Resseotere
319 2489 393 2563 noli,
415 2489 455 2550 ad
475 2490 642 2551 terminum
667 2489 721 2550 uhi
742 2490 940 2571 perveneris.
985 2552 986 2556 ,
1083 2500 1085 2505 “
1133 2533 1138 2541 -

113 2569 245 2650 Regnat,
266 2590 329 2629 non
350 2569 503 2654 loquitur,
525 2570 580 2655 qui
600 2570 654 2647 nil,
676 2569 735 2629 nisi
756 2570 844 2653 quod
865 2570 942 2650 vult,
963 2568 1050 2647 facit.
1088 2592 1091 2602 ·

113 2651 239 2733 Regum
257 2649 400 2712 Fortuna
420 2670 509 2712 casus
530 2649 721 2732 praecipites
743 2661 840 2714 rotat.
1140 2676 1143 2683 ·

114 2943 147 2956 -—
169 2932 192 2964 v.
213 2914 271 2981 774.
288 2913 337 2964 Ed.
355 2911 434 2962 Both.
458 2939 492 2952 -
518 2929 543 2960 v.
563 2925 621 2976 779.
640 2911 731 2962 Eiusd.
749 2941 781 2950 -
806 2931 828 2962 v.
849 2915 907 2979 788.
927 2912 1017 2963 Eiusd.
1036 2921 1065 2964 ut
1085 2923 1112 2967 et

112 3001 167 3050 seq.
185 3000 283 3045 corsus,
304 2980 476 3048 quiquidem
499 2995 532 3030 ex
550 2995 649 3046 graeco
670 2996 745 3031 versu
763 2982 902 3032 Menandri
923 2980 962 3047 (p.
984 2985 1041 3045 333.
1059 2983 1111 3033 Ed.

112 3048 241 3110 Μθὶηοῐς.)
258 3065 397 3115 expressus
415 3056 463 3098 est.
489 3075 521 3086 -
571 3064 594 3096 v.
613 3047 670 3112 786.
689 3050 729 3099 Ita
748 3049 825 3100 Both.
846 3050 919 3101 Libri
939 3058 1033 3100 contra
1052 3068 1110 3101 me-

111 3127 197 3171 trum:
215 3116 313 3176 Refert
326 3133 407 3181 quum
422 3116 486 3183 quis
500 3115 562 3164 hene
575 3116 655 3166 vivat
668 3135 749 3187 quom
770 3118 819 3168 diu
842 3134 898 3167 ιιοη
925 3114 1019 3182 refiert.
1042 3118 1110 3169 Des-

112 3187 237 3239 billonius
254 3187 291 3235 ita
312 3183 449 3234 emendat:
477 3181 572 3249 Retia-t
595 3202 675 3253 picam
696 3204 763 3257 ⁴qius
785 3187 851 3237 bene
872 3186 967 3245 ativae,-
989 3187 1108 3247 numine,

113 3253 268 3324 quamdiu.
301 3278 333 3291 -
362 3252 473 3320 7787.
501 3251 550 3307 Ed.
570 3253 647 3305 Both.
667 3282 698 3295 -
732 3274 755 3306 v.
775 3245 832 3322 788.
856 3251 933 3304 Both.
953 3255 1111 3307 coniectura
