2386 3758
470 212 702 267 SENTENTIAE.
1052 215 1086 269 63

190 363 348 422 Terentia
364 363 458 432 Hecyr.
481 360 646 416 Trochaicus
660 366 792 417 senarius.
810 359 851 421 Ex
862 358 943 423 ,dieto
963 354 1083 412 Cleobu-

183 430 214 492 li,
250 430 383 482 Parentes
408 433 545 502 patientia
565 450 622 482 esee
638 430 795 483 vincendos.
831 432 834 436 ’
992 430 996 436 ’
1023 432 1027 440 ’

90 524 158 590 147.
177 518 279 580 Multa
299 541 343 582 ere
360 541 424 604 quo
444 519 567 585 fuerint
586 521 770 599 commoda,
793 512 861 581 eius
884 510 1085 583 incommoda

240 655 244 660 .
290 621 426 684 aequum
451 616 499 663 cst
521 602 620 665 ferre.
902 627 905 632 ⁴

191 679 304 733 Ibidem.
323 683 459 733 Sententia
470 684 627 748 Menandri,
645 682 791 732 admonens
797 716 807 743 ,
827 678 1001 735 incommoda
1010 678 1084 732 c'om·

190 749 333 801 modorum
350 754 553 820 comparatione
568 769 625 805 esso
643 748 778 802 interdum
804 748 966 804 tolerabilia.

191 817 318 936 ForItrma
333 835 470 889 prospera
488 819 617 872 utendum
635 830 692 879 est,
716 816 839 869 adversa
863 818 1004 888 aequitate
1021 817 1081 866 vin·

189 900 236 934 cen
256 904 282 937 a.

96 972 161 1044 148.
182 973 266 1034 Malo
286 975 312 1037 si
356 973 630 1053 niobencfaoiae,
654 976 688 1037 id
708 969 1039 1038 beneficiumiaterit·

138 1104 142 1109 .
192 1055 279 1107 Plaut.
297 1058 326 1107 in
366 1073 428 1108 oen.
461 1057 624 1128 Beneficium
638 1059 667 1107 in
684 1056 836 1127 improbum
855 1053 987 1104 collatum
1003 1052 1082 1123 perit.

94 1141 160 1210 149.
179 1145 253 1206 Mali
272 1157 345 1206 eunt
365 1144 526 1226 homines,
550 1148 606 1230 qui
628 1146 721 1210 bonis
738 1145 848 1206 dicunt
865 1141 958 1207 male.

171 1225 317 1346 {lizinia
338 1226 464 1279 Bacchid.
483 1229 571 1279 Bonis
592 1227 749 1279 maledicere
772 1224 957 1294 improbitatis
982 1233 1025 1271 est
1042 1224 1085 1272 in·

94 1383 159 1446 150.
180 1383 361 1444 Meminisse
380 1385 474 1446 auree
495 1396 560 1463 ee,
581 1367 671 1486 quoe
684 1346 752 1446 ‘furt
772 1382 888 1445 eurum
908 1381 986 1465 pao.

193 1463 296 1515 Seneca
314 1467 352 1542 ¹in
385 1466 464 1523 Herc.
494 1466 548 1516 tur.
586 1470 681 1517 tecvm
704 1478 745 1536 eet
770 1463 927 1518 recordatio
955 1464 1088 1516 maiorum

192 1542 423 1598 praeteritorum.

94 1621 160 1682 151.
181 1619 295 1679 Malam
314 1620 418 1682 bonae
438 1620 608 1702 praeferre
628 1621 788 1682 fortunam
802 1622 891 1687 licet.

192 1698 269 1751 Idem
287 1701 314 1751 in
332 1701 439 1770 Thyett.
472 1703 569 1759 'Rebus
598 1703 679 1753 laetis
698 1703 807 1752 reineium
830 1705 916 1754 animi
928 1702 1089 1771 ferociunt,

197 1767 325 1820 tristibus
343 1784 410 1822 eunt
433 1770 605 1823 humiliores:
625 1772 697 1822 mala
713 1771 802 1836 igitur
811 1767 936 1837 fortuna
954 1772 1026 1823 bona
1043 1775 1087 1823 vi·

195 1832 278 1886 detur
294 1837 482 1908 anteferenda.
501 1832 505 1841 ’

94 1928 164 1990 159.
184 1925 268 1988 Male
287 1927 480 2012 imperatur,
501 1946 574 1989 cum
597 1924 713 2008 vulgus
732 1946 772 1987 rc
796 1926 819 1986 't
838 1925 948 1993 duces.

193 2006 268 2087 idem
286 2011 314 2088 in
335 2012 439 2091 Oetae.¹
463 2011 533 2090 ¹Cam
554 2007 642 2075 vulgo
665 2010 742 2059 m'mis
790 2018 862 2070 cet,·>
882 2010 1018 2079 infirmum
1049 2020 1090 2059 est

192 2093 334 2145 Imperium
347 2094 490 2149 prtnClpM·

96 2168 162 2230 151.
183 2164 273 2224 Mens
294 2166 485 2251 impudicam
505 2165 635 2246 facere,
657 2169 719 2228 non
742 2187 832 2229 casus
853 2165 948 2231 solet.

194 2246 270 2297 Idem
287 2249 315 2297 in
334 2251 414 2317 Hipp.
451 2253 527 2317 Quae
545 2260 652 2299 mentem
668 2248 802 2318 pudicam
820 2247 917 2310 habet,
935 2245 1011 2297 nulia
1027 2245 1091 2296 vio·

196 2313 273 2364 latur
290 2317 408 2368 iniuria:
427 2326 456 2368 ut
473 2319 599 2370 Lucretia
618 2326 644 2369 et
665 2319 814 2369 Timoclea.
925 2333 930 2338 ·

98 2401 164 2468 154.
186 2404 305 2466 Maiora
326 2407 465 2488 populus
487 2426 616 2488 semper
636 2428 653 2467 a
674 2426 795 2468 summo
815 2403 923 2491 exigit.

182 2506 272 2559 'Idem
294 2510 322 2559 in
346 2511 407 2560 Oct.
450 2509 537 2575 Vulgi
553 2522 656 2559 notzere
675 2520 729 2570 est,
766 2520 797 2558 ut
819 2527 947 2561 summam
974 2508 1094 2558 omnium

192 2577 329 2627 virtutum
349 2590 467 2649 quaerat
485 2580 516 2649 in
532 2579 660 2646 principe
680 2576 870 2627 excellentiam.

98 2669 164 2730 155.
188 2663 326 2739 Mortem
347 2665 465 2749 aliquid
485 2667 570 2735 ultra
592 2665 663 2727 est?
685 2666 776 2747 Vita,
797 2665 824 2726 si
843 2665 951 2749 cupias
971 2663 1062 2726 mori.

194 2744 269 2795 idem
288 2749 315 2796 in
336 2747 427 2813 Agara.
465 2747 498 2796 Si
515 2750 585 2798 mori
601 2748 705 2816 cupias,
721 2749 783 2796 vito
802 2750 879 2797 oneri
893 2758 944 2798 est.

98 2839 163 2903 156.
186 2833 269 2904 Male
290 2835 407 2897 mereri
429 2836 470 2897 de
491 2837 678 2899 immereote
699 2836 818 2898 inscitia
839 2849 898 2903 est.

194 2941 282 2990 Plani.
301 2940 327 2989 in
345 2940 424 2990 Cure.
443 2938 616 3008 Mmefacere
635 2941 667 3000 ei,
687 2941 737 3008 qui
751 2939 820 2991 male
840 2943 913 2994 m'hil
922 2941 1030 3000 meruit,
1048 2939 1096 2987 im·
1114 2982 1116 2987 .

166 3039 168 3044 .
192 3007 307 3079 probum
325 3018 366 3056 est
384 3019 409 3057 et
429 3007 587 3059 barbarum.

100 3103 165 3164 157.
190 3097 307 3158 Mulier
333 3099 544 3180 nequicquam
565 3109 715 3158 exornata
736 3110 785 3159 est
804 3097 905 3178 bene,
929 3100 956 3160 si
976 3094 1097 3157 morata

296 3189 346 3237 cst
366 3179 456 3238 male.

201 3252 278 3309 idem
298 3261 324 3307 in
343 3261 459 3308 Mostcii.
498 3261 691 3310 Ornamentum
707 3261 851 3310 mulierum
867 3275 926 3308 reon
943 3266 982 3305 eet
1000 3255 1029 3304 in
1049 3272 1097 3304 ve·

207 3328 287 3388 stitu,
313 3323 363 3375 sed
380 3327 506 3378 inbonis
523 3329 654 3379 mom'bue.
