2386 3758
496 253 677 307 nuncius.
767 259 807 267 ··
958 278 961 283 >
1043 266 1076 318 97

69 423 181 473 autem
200 403 324 472 nonnul
343 403 383 466 ad
403 403 600 467 Constantini
629 415 765 466 aetatem
786 405 902 484 valuit,
933 409 989 494 qui
1008 411 1079 496 qni-

70 514 149 575 dem
175 511 250 573 huic
282 509 366 570 dotis
398 508 582 570 reddendae
616 508 820 572 incommodo
861 509 956 572 etiam
998 510 1078 574 hano

70 634 209 698 poenam
230 609 361 689 addidit,
381 624 417 671 ut
434 612 615 694 quicunque
636 611 703 672 sine
723 613 804 677 insta
825 635 919 675 causa
944 635 1079 676 uxorem

72 718 138 782 sibi
155 715 322 778 molestam
349 715 567 796 repudiasset,
594 713 787 776 coelibatum
815 718 938 778 subiret
963 736 1080 799 perpe·

66 809 178 883 'tuan
199 819 240 884 v.
261 817 341 883 coa.
363 817 525 882 annuos.
567 818 619 876 ue
648 818 802 899 Repudia
828 822 866 886 n.
890 847 918 888 ι.
944 823 1080 901 nonen„

72 936 115 987 ut
145 921 376 1005 Cmnegietero
403 922 552 995 videtur,
584 939 642 980 nos
670 921 759 985 ducit
784 924 921 991 Disticb.
945 927 1008 1002 IV,
1028 933 1079 999 47.

75 1025 253 1089 dummodo
280 1045 320 1086 ex
340 1024 416 1086 satis
435 1018 597 1106 probabili
617 1021 770 1085 Scriverii
791 1027 976 1088 coniectura
995 1028 1080 1111 lega-

74 1148 151 1193 mus
171 1134 286 1189 unicae
305 1145 366 1208 pro
387 1133 486 1186 amici.
519 1125 630 1206 (Quum
650 1126 707 1186 tibi
725 1135 767 1188 sit
788 1136 911 1207 eonion,
928 1152 963 1189 nc
984 1152 1031 1190 res
1051 1122 1089 1191 et'

70 1229 166 1310 fauna
181 1229 316 1301 latura,
348 1229 507 1290 Vitandum
527 1232 617 1292 ducas
647 1238 793 1293 inimicum
812 1252 914 1291 noman
939 1233 1082 1312 amicae).

78 1331 179 1421 Quod
198 1352 316 1395 nomen
337 1331 455 1394 amicae
477 1333 553 1394 dum
572 1353 633 1415 pro
661 1334 836 1396 concubina
865 1336 981 1419 accipit
1002 1336 1083 1396 Can·

62 1423 279 1519 ‘negietordn
304 1437 466 1499 concludit
498 1449 664 1499 auctorem
693 1437 723 1498 ei
758 1439 978 1520 assignandum
1011 1458 1083 1501 esse

75 1538 193 1617 mati,
218 1558 283 1621 qua
309 1539 539 1601 concubinatus
565 1541 753 1601 uiaritorum
781 1541 842 1603 etsi
867 1526 995 1624 pudore
1020 1564 1083 1603 non

77 1638 195 1716 canit,
217 1649 309 1701 extra
330 1639 440 1724 legum
460 1653 565 1702 tamen
585 1641 710 1703 vincula
731 1643 810 1719 fuit,
837 1668 931 1728 quam
952 1648 1084 1732 quidem

78 1743 239 1807 licentiam
256 1741 378 1825 primus
399 1743 621 1804 Constantinus
648 1747 779 1828 Magnus
807 1749 942 1814 sustulit.
973 1755 1010 1817 L.
1032 1775 1084 1836 un·

79 1848 163 1917 (iod.
182 1849 236 1910 De
255 1846 457 1912 eoncuhinis.
500 1848 614 1930 Neque
633 1846 736 1910 minus
757 1849 798 1912 de
821 1850 880 1912 hac
899 1855 1085 1936 quaestione

80 1950 296 2034 dboepmtum
320 1960 387 2027 est,
415 1967 510 2033 quam
535 1948 723 2031 religionem
743 1952 910 2036 professus
930 1956 971 2017 sit
989 1959 1086 2019 Disti-

42 2072 48 2087 ·
79 2052 219 2119 eborum
238 2052 407 2115 moralium
428 2062 551 2116 auctor.
574 2051 783 2116 Christianum
803 2077 877 2117 eum
891 2057 1087 2121 suissessox-

79 2158 214 2221 homins
235 2155 320 2219 omni
342 2176 441 2237 opera
461 2156 639 2235 contendit3
665 2157 722 2219 sed
744 2177 781 2217 ex
801 2158 881 2219 locis
902 2162 999 2224 modo
1020 2162 1087 2224 lau·

80 2258 176 2338 datis,
196 2270 232 2320 ut
255 2280 295 2322 cx
311 2257 446 2323 Distich.
470 2259 530 2339 Ν,1
545 2262 596 2324 38.
619 2275 653 2323 et
675 2266 719 2331 14·
741 2261 990 2342 Canncgieterus
1012 2266 1087 2326 satis

82 2361 182 2423 certis
208 2362 382 2424 rationibus
402 2374 550 2424 veterum
570 2366 786 2427 Romanorum
810 2363 920 2444 patriis
941 2385 1016 2428 eum
1036 2388 1087 2429 re-

81 2465 252 2548 ligionibus
274 2465 435 2528 addictum
456 2465 555 2539 fuisse
575 2466 781 2532 demonstrat.

165 2617 217 2678 De
236 2616 457 2679 Disticborum
484 2614 590 2696 pretio
618 2626 653 2677 et
681 2614 854 2677 virtutibus
882 2634 946 2677 non
974 2614 1087 2681 dubito
1141 2598 1143 2603 ⁵

84 2719 182 2780 bodie
197 2719 371 2805 plerosque
386 2739 479 2781 secus
494 2719 623 2795 sentire,
644 2738 738 2803 quam
759 2716 835 2777 olim
853 2718 914 2777 Ios.
934 2710 1088 2803 Scaliger,

85 2824 239 2884 Erasmus
271 2823 523 2902 Roterodamus‚
550 2823 602 2884 alii
629 2823 698 2884 eius
727 2821 833 2884 aetatis
863 2819 923 2882 vini
943 2842 960 2880 a
981 2821 1089 2884 litera·
1126 2812 1129 2817 ¹

85 2948 159 2989 tum
178 2927 325 2989 laudibus
347 2925 510 3008 conspicui
535 2925 732 3004 iudicarunt,
757 2926 812 3010 qui
835 2924 987 2987 laudabili
1014 2945 1089 2987 sane

87 3051 202 3092 errore
222 3051 299 3112 prae
325 3031 482 3113 gravitate
502 3039 536 3090 et
555 3029 691 3091 utilitate
713 3028 909 3112 argumentl,
930 3028 1090 3091 tractatio·

86 3133 135 3194 nis
156 3133 231 3196 vitia
251 3145 390 3194 autnon
414 3130 529 3193 vidisse
551 3144 605 3193 aut
633 3131 792 3214 ignovisse
814 3129 970 3194 videntur.
1010 3133 1089 3191 Nam

53 3217 57 3222 ’
89 3246 125 3295 ut
144 3234 321 3296 Boxbornii
346 3233 405 3295 hos
433 3253 543 3296 versus
570 3233 660 3294 nimis
691 3232 899 3315 deprimentis
927 3232 1088 3295 accusatio

90 3337 237 3399 acerbior
258 3340 315 3412 sit,
336 3358 439 3422 neque
469 3336 632 3398 calumniis
653 3349 777 3414 careat,
804 3345 910 3396 tamen
941 3344 1089 3416 practer-

126 3442 206 3492 Publ.
224 3445 282 3494 Str·
879 3442 900 3492 'l
