2386 3758
138 836 629 944 PUBLII
737 841 1050 949 SYRl

211 1022 407 1088 VERSUS
444 1020 649 1083 CONTRA
681 1024 963 1093 LUXURIAM.

267 1149 411 1223 (Descripti
430 1164 461 1199 cx
478 1145 599 1197 Petronii
628 1148 748 1218 Satyrico
766 1153 833 1225 Cap.
850 1141 920 1227 LV.)

535 1289 650 1303 ῃ

171 1439 329 1504 Luxuriae
349 1438 432 1501 rictu
453 1441 562 1505 Martis
585 1457 728 1511 marcent
746 1448 880 1513 moenia.

94 1524 164 1583 Tuo
185 1525 291 1603 palato
314 1521 439 1583 clausus
463 1545 546 1607 pavo
567 1530 725 1610 pascitur,

91 1604 239 1662 Plumato
260 1600 390 1665 amictus
415 1625 514 1670 aureo
543 1609 757 1692 Babylonic03

92 1681 213 1743 Gallina
231 1679 289 1741 tibi
309 1684 491 1763 Numidica,
514 1688 573 1751 tihi
594 1692 695 1785 gallus
716 1692 827 1775 spado.

93 1761 221 1825 Ciconia
242 1762 337 1825 etiam
358 1779 459 1852 grata,
480 1790 650 1852 peregrina
669 1772 813 1866 hospita,

92 1843 345 1924 Pietaticultrix,
366 1849 552 1942 gracilipes,
572 1851 777 1925 crotalistria,

91 1924 186 2000 Avis,
208 1925 298 1986 exsul
320 1926 449 2004 hiemis,
469 1928 580 1987 titulus
603 1929 705 2008 tepidi
724 1924 888 2006 temporis.

90 2004 259 2090 Nequitias
282 2007 389 2068 nidum
409 2008 441 2067 in
461 2007 579 2066 cacabo
600 2005 680 2067 fecit
698 2024 782 2065 meo.

92 2083 169 2172 Quo
193 2087 362 2168 margarita
382 2106 455 2147 cara
477 2083 618 2146 tribacoa
639 2093 673 2145 ot
692 2077 822 2148 Indica?

143 2323 174 2373 ln
196 2322 315 2373 Petronii
341 2321 480 2373 codicibus
502 2330 583 2392 atque
601 2321 763 2374 editionibus
788 2318 884 2373 Publii
902 2316 973 2387 Syri
988 2333 1087 2370 nomen

92 2390 133 2441 bis
159 2390 277 2443 versibus
307 2387 471 2458 adscriptum
491 2393 636 2460 reperitur3
669 2390 717 2443 sed
743 2405 776 2440 an
809 2404 871 2440 vere
911 2389 1039 2453 mimogra
1061 2387 1087 2439 hi

92 2461 154 2522 sint,
172 2462 245 2511 cuius
262 2458 409 2509 sententiae
427 2457 565 2524 habentur,
584 2460 688 2511 Orellio
708 2458 799 2510 nescio
816 2473 869 2525 qua
886 2455 920 2508 de
940 2474 1018 2508 causa
1037 2407 1058 2506 <l

92 2528 168 2578 binm
185 2528 297 2579 videtur.
308 2553 339 2563 -
355 2525 431 2576 Vers.
455 2545 477 2577 r.
497 2528 590 2579 Varias
608 2527 660 2580 boc
678 2529 741 2578 loco
758 2527 925 2578 coniecturas
947 2528 993 2577 viri
1013 2525 1088 2577 docti

92 2604 241 2662 tentarunt3
261 2595 388 2645 Auratus:
407 2594 520 2647 luxurio
536 2607 562 2646 et
580 2598 671 2662 victu;
694 2595 813 2645 Heinsius
831 2594 983 2663 (Adversar.
1003 2595 1088 2660 lll,9.

92 2681 120 2730 p.
138 2664 211 2731 aus.)
228 2664 357 2717 luxruu'ue
373 2663 459 2715 victu.
478 2664 632 2728 bichardus,
650 2663 782 2734 probantu
807 2665 957 2716 burmanno
983 2666 1009 2714 in
1034 2663 1088 2712 An·

92 2731 159 2782 thol.
177 2735 223 2782 lat.
242 2735 318 2783 Torn.
336 2733 358 2783 1.
385 2750 411 2800 p.
435 2734 493 2789 585.
523 2734 634 2786 luxurie
657 2733 751 2792 νῖκαί
770 2733 889 2784 Orellius
907 2732 1029 2786 Lrtxurie
1045 2741 1088 2780 at·

93 2803 172 2849 tritu.
190 2799 315 2851 Bothius:
337 2800 458 2853 Luxuria
476 2804 587 2855 invicto.
611 2800 683 2854 Nihil
700 2809 789 2851 tamen
807 2801 977 2853 mutandum:
1003 2803 1089 2851 rictus

93 2867 126 2919 ad
146 2868 313 2918 oscitantiam
333 2877 361 2919 et
378 2871 507 2935 ignaviam
525 2868 722 2939 significandam
752 2867 908 2936 adhibetur,
935 2880 1015 2938 atque
1037 2867 1090 2918 hoc

93 2937 176 2988 modo
196 2936 303 2986 moenia
320 2935 426 2987 Martis
444 2941 460 2988 i.
482 2957 505 2992 e.
524 2939 603 3003 urbs,
620 2938 747 2988 luxuriae
762 2939 833 2989 rictu
855 2955 977 2991 marcere
993 2937 1089 2986 dicun·

93 3014 146 3066 tur,
163 3003 322 3071 metaphora
337 3005 474 3056 audaciori
492 3008 634 3058 autetiam
652 3008 789 3072 quaesita,
817 3025 905 3076 nequo
923 3022 988 3058 voro
1010 3005 1090 3070 plane

94 3076 193 3143 ineptu-
209 3073 312 3122 Tuetnr
328 3073 474 3124 lectionem
498 3076 630 3141 vulgatam
656 3074 796 3126 Cramerus
828 3091 937 3145 quoque
960 3074 988 3122 in
1011 3068 1089 3120 Notis

94 3141 129 3191 ad
154 3139 255 3191 Schol.·
272 3148 321 3190 vet.
347 3141 463 3191 Iuvenal.
489 3160 519 3210 p.
544 3141 603 3206 430.
638 3170 672 3184 -
706 3161 773 3194 vers.
790 3147 815 3196 8.
839 3162 896 3194 meo
915 3155 1007 3191 omnes
1028 3135 1089 3186 libri

94 3217 218 3273 tuantur3
246 3208 367 3259 Heinsius
395 3211 511 3261 coniecit
534 3210 564 3259 in
588 3210 690 3260 cacabo
715 3222 781 3274 tuo,
805 3226 917 3279 eamque
941 3207 1090 3256 lectionem

94 3280 185 3344 plnrcs
202 3285 359 3345 sequuntur.
388 3303 420 3314 ·-
449 3293 515 3329 vers.
539 3293 566 3342 9.
591 3278 712 3329 trabucca
736 3279 872 3349 displicuit
887 3275 1041 3340 suitgero,
1061 3279 1090 3318 ¹¹1

94 3345 254 3409 refingeret:
274 3347 335 3411 Quo
354 3347 509 3412 resurgat-itu
532 3362 601 3398 caru
627 3347 695 3413 uti,
714 3346 797 3398 bucca
820 3342 942 3399 Indica?
965 3339 1087 3395 Heinsius
