2386 3758
495 197 690 254 PROLOGUS.

93 357 262 419 Hominem
284 371 337 412 me
359 347 518 430 denegare
540 349 611 433 quis
634 361 745 430 posset
764 346 866 430 pati?

93 440 185 519 Ego,
204 435 253 496 bis
273 429 404 494 tricenis
425 429 509 490 annis
533 429 609 490 actis
630 429 696 490 sine
717 441 811 506 nota,
956 439 960 446 '

93 520 202 602 Eques
224 517 385 576 Romanus
409 529 449 572 ex
468 509 536 570 lare
565 528 714 592 egressus
734 529 808 573 meo

91 600 235 659 Domum
255 587 556 656 revertarMimus?
584 588 732 650 nimirum
751 589 813 651 hoc
834 589 887 652 die

92 681 164 738 Uno
185 675 259 757 plus
279 671 360 748 vixi,
379 669 458 732 mihi
476 690 572 764 quam
592 668 765 732 vivendum
785 669 859 736 fuit.
1060 676 1098 739 15

93 742 239 820 'Fortuna
262 750 469 815 immoderata
489 771 521 809 ru
541 750 627 811 bono
651 769 753 833 aeque
770 761 866 834 atque
886 749 921 815 in
944 749 1045 814 male!

96 839 131 898 Si
150 835 211 896 tibi
233 845 300 894 erat
319 831 445 892 libitum
469 830 649 891 litterarum
670 830 816 890 laudibus

95 917 202 979 Floris
223 933 371 990 cacumen
389 919 518 969 nostrae
542 909 643 969 famae
661 909 829 991 frangere,

22 1020 24 1024 ·
96 1001 181 1069 Cur,
203 1014 299 1079 quum
318 989 467 1075 vigebam
487 987 638 1050 membris
658 991 972 1076 praeviridantibus,

96 1075 285 1137 satisfacere
330 1070 428 1154 opulo
452 1080 486 1130 et
509 1068 565 1130 tali
586 1089 658 1130 cum
678 1083 824 1151 poteram
845 1075 934 1152 viro,
977 1131 983 1144 ,
1056 1087 1099 1139 so

96 1161 169 1218 Non
191 1093 362 1217 flexibitim
381 1168 433 1210 mc
454 1150 672 1225 concurtasti,
694 1163 729 1210 ut
750 1153 921 1233 carperes?

96 1240 187 1298 Nune
204 1255 256 1297 sne
299 1253 342 1293 uo
364 1229 501 1291 deiicis?
520 1229 598 1324 quid
619 1231 659 1292 ad
672 1241 805 1292 'scenam
829 1231 959 1296 affero?

98 1319 256 1378 Decorem
276 1255 425 1387 immae,
447 1330 484 1369 an
506 1310 688 1392 d1gnitatcm
712 1311 882 1393 corporis?

96 1397 200 1457 Animi
219 1395 396 1466 virtutem‚'
414 1413 452 1451 an
472 1392 562 1452 vocis
583 1390 738 1452 iucundae
759 1392 895 1454 sonum?
933 1412 935 1417 ’

97 1479 141 1538 Ut
155 1477 281 1538 hedera
303 1492 435 1553 serpens¹
458 1471 544 1534 vires
565 1471 718 1542 arboreas
739 1485 849 1548 necat,
1058 1472 1099 1542 ‘25‘

94 1561 142 1618 lta
162 1577 214 1618 me
235 1565 377 1617 vetustas
398 1553 544 1645 amplexu
566 1571 719 1610 annorum
741 1567 861 1613 enecat.
1160 1562 1166 1568 ·

95 1635 262 1718 Sepulcris
283 1633 409 1708 similis,
430 1631 505 1693 mhil
529 1631 589 1692 nisi
609 1651 726 1690 nomen
745 1631 879 1695 retineo.

163 1720 192 1766 ln
207 1718 265 1782 ipsa
283 1731 391 1781 quoque
407 1715 513 1765 actione
532 1711 647 1762 subinde
667 1728 711 1776 se,
729 1729 781 1779 qua
798 1721 923 1780 poterat,
944 1719 1095 1770 ulcisceba-

98 1794 144 1836 tur
160 1784 270 1834 inducto
287 1781 378 1833 habitu
395 1781 464 1850 Syri,
483 1783 538 1848 qui,
554 1782 626 1833 velut
642 1780 730 1846 flagris
753 1797 855 1845 caesus,
875 1787 1049 1854 praeripiens
1066 1804 1094 1838 ω

95 1855 190 1905 similis
210 1851 387 1903 exclamabat:

159 1921 298 1992 Porro,
320 1916 482 2005 Quirites,
502 1915 682 1976 libertatem
701 1915 907 1997 perdidimus.

97 2012 126 2054 et
143 2004 226 2071 paulo
245 2009 307 2068 post
326 1998 436 2049 adiecit:

178 2070 317 2128 Necesse
339 2077 388 2126 est
410 2065 529 2126 multos
550 2063 678 2142 timeat,
702 2085 797 2148 quem
817 2067 908 2127 multi
928 2068 1051 2144 timent,

163 2165 217 2217 quo
236 2149 310 2199 dicto
328 2146 484 2197 universitas
504 2148 599 2214 populi
625 2145 659 2196 ad
683 2149 769 2197 solum
799 2148 938 2198 Caesarem
958 2151 1053 2199 oculos
1072 2156 1100 2201 et

98 2234 148 2270 ora
164 2217 299 2268 convertit
315 2222 438 2266 notantes
460 2215 645 2282 impotentiam
673 2216 729 2266 eius
754 2215 804 2269 bac
828 2217 969 2267 dicacitate
994 2217 1098 2284 lapida-
1178 2219 1179 2222 ’

96 2297 162 2337 tam.
198 2286 242 2335 Ob
266 2285 331 2334 haec
360 2284 388 2331 in
405 2283 530 2332 Publium
549 2285 626 2333 vertit
643 2283 769 2333 savorem.
806 2285 830 2333 Is
858 2285 968 2335 Publius
990 2288 1098 2338 natione

99 2356 190 2422 Syrus,
209 2371 268 2404 curn
286 2367 354 2418 puer
371 2349 405 2401 ad
423 2359 567 2417 patronum
587 2351 687 2400 domini
706 2362 774 2402 esset
791 2353 931 2416 adductus,
949 2357 1099 2420 promeruit

98 2440 160 2474 cum
178 2438 232 2470 non
251 2424 336 2470 minus
355 2419 453 2469 salibus
472 2429 498 2469 et
515 2420 634 2484 ingenio,
653 2436 732 2485 quam
752 2423 850 2486 sorma;
869 2439 928 2470 nam
947 2425 1017 2472 sorte
1037 2441 1098 2473 cum

98 2493 143 2540 ille
163 2506 268 2540 servum
289 2504 365 2538 suum
383 2486 560 2554 hydropicum
579 2489 709 2536 iacentem
732 2491 759 2537 iu
779 2506 840 2538 area
859 2490 979 2550 vidisset,
1010 2493 1096 2540 inere·

97 2560 264 2634 possetque,
292 2553 356 2623 quid
374 2556 402 2604 in
420 2556 479 2606 sole
504 2555 622 2620 faceret;
646 2557 803 2622 respondit:
828 2558 932 2624 Aquam
960 2559 1096 2610 calefacit:

105 2697 294 2712 ‘th—-

101 2779 224 2850 (Advers.
243 2780 291 2848 ΙΙΙ,
312 2783 365 2852 16.)
385 2785 514 2834 extremis
526 2783 673 2834 merzsibus.
703 2809 738 2821 -
778 2798 844 2832 vers.
867 2794 906 2832 ιο.
927 2782 969 2830 nil
985 2799 1035 2849 pro
1054 2783 1098 2831 ni·

99 2851 138 2900 bil
156 2850 233 2900 Both.
252 2855 330 2902 metri
352 2869 439 2904 causa.
475 2884 507 2893 —
537 2869 605 2903 vers.
628 2856 666 2903 ιδ.
688 2869 721 2900 ex
738 2858 798 2901 ante
815 2852 871 2900 lure
890 2851 1008 2916 Scaliger
1025 2850 1099 2899 addit

100 2920 127 2968 in
153 2919 282 2969 Catulect.
313 2939 340 2988 p.
370 2928 428 2974 225.
456 2924 482 2972 in
513 2920 631 2971 editione
655 2919 786 2970 Macrobii
815 2919 985 2968 Gronoviana
1013 2918 1097 2970 deest.

99 2986 221 3036 Heinsius
232 2989 284 3036 vix
292 2988 352 3038 lare
363 3005 503 3054 egressus.
514 3017 546 3026 -
563 2990 627 3040 vers.
642 2989 679 3038 18.
688 2989 803 3038 Florens
815 3003 940 3037 cacttmen
953 2987 1016 3034 Iusti
1037 3004 1098 3052 spe·

100 3056 162 3124 cim.
181 3054 248 3104 Cris.
268 3073 326 3123 cap.
347 3057 368 3106 Ι.
387 3059 507 3107 coniicit.
526 3058 664 3108 Fruterius
681 3065 769 3105 totum
794 3059 884 3106 locum
901 3056 938 3103 ita
966 3054 1097 3118 refingen-
1162 3099 1169 3107 ,

100 3123 164 3172 dum
185 3132 294 3176 censet:
313 3123 346 3172 Si
363 3123 413 3172 tibi
429 3135 488 3174 erat
507 3125 612 3175 libitum
629 3123 771 3175 indicatum
787 3123 891 3175 lusibus
914 3122 1030 3170 Florens
1050 3137 1096 3169 ca·

102 3207 198 3240 cumen
218 3201 333 3241 nostrae
351 3190 448 3259 famae
470 3190 618 3259 frangere.
648 3221 679 3230 —
704 3212 727 3242 v.
754 3208 795 3257 27.
822 3193 941 3243 Gronov.
965 3188 1098 3260 sepulcri,¹

101 3258 254 3326 Stephanus
274 3260 451 3327 sepulcrm-
466 3261 576 3310 Versum
586 3262 762 3327 penultimum
777 3277 869 3311 rorum
881 3272 1012 3318 versuum,
1030 3273 1097 3321 ques

102 3327 257 3379 Macrobius
275 3327 319 3379 hic
342 3329 509 3398 transcripsit
529 3327 652 3380 dedimus
670 3331 776 3397 qualem
794 3328 927 3391 dederunt
949 3323 1098 3392 Stephanus
