2386 3758
52 302 55 311 Ι
123 237 155 291 14
532 230 562 280 P.
580 228 655 281 sm!

122 380 144 423 ἢ
166 379 287 459 Legem
306 396 424 440 nocens
442 386 591 455 veretur,
614 376 773 440 fortunam
794 376 954 444 innocens.
1074 386 1135 455 deo

122 463 244 539 Legem
269 456 413 521 oblivisci
432 459 523 520 solita
544 470 592 519 est
616 458 787 522 iracundia.

123 542 191 599 lieo
212 558 230 597 a
250 538 415 619 leporibus
436 539 604 599 insultatur
623 552 776 600 mortuus.

123 622 266 680 Leonem
285 630 445 679 mortuum
466 620 560 680 etiam
582 620 678 680 catuli
697 619 876 679 morsicant.
950 683 953 689 ,

39 735 41 743 ·
123 702 268 781 lepores
291 698 357 759 duo
378 700 433 783 qui
453 698 649 783 insequitur,
671 700 696 760 is
717 712 865 759 neutrum
886 699 978 793 capit.

101 779 219 841 ·lrevis
240 789 289 840 est
310 779 467 842 Fortuna:
489 783 553 840 cito
577 779 736 861 reposcit,
756 800 839 862 quae
861 780 961 845 dedrt.
1010 833 1016 841 .
1073 782 1170 856 4οό-·.

84 916 87 921 .
126 862 194 919 Ιιοκ
219 859 307 919 videt
332 860 465 933 iratum,
485 859 583 920 iratus
604 861 708 941 legem
729 878 792 920 nou
812 859 910 924 videt.

126 943 148 982 ‘¹
170 942 238 999 Lex
260 940 401 1001 universi
421 950 488 1014 cst,
513 944 596 1022 'quae
618 939 708 999 iubet
729 939 813 1000 nasei
837 951 870 1002 et
891 936 1001 1005 mori.'

129 1018 243 1079 Libido
268 1034 401 1081 cunctos
423 1019 519 1079 ctiam
538 1018 600 1078 sub
622 1021 712 1080 vultu
732 1018 850 1085 domat.

127 1099 259 1174 libido,
285 1119 348 1159 non
370 1098 520 1171 iudicium
540 1110 608 1175 est,
629 1099 716 1181 quod
738 1099 849 1161 levitas
869 1099 959 1183 sapit.

68 1238 72 1243 .
96 1229 99 1235 .
127 1181 301 1241 licentiam
324 1177 381 1238 des
403 1178 546 1258 linguae,
567 1198 639 1237 cum
659 1197 770 1239 verum
790 1192 894 1261 petas,

52 1270 56 1277 '
126 1262 248 1353 Lingua
269 1270 318 1319 est
340 1257 532 1343 maliloquax
552 1257 665 1318 mentis
685 1256 836 1321 indicium
855 1261 965 1323 malae.
1056 1256 1060 1263 ’

22 1402 25 1407 ,
127 1345 222 1401 Ιιοοιε
244 1337 376 1398 remotis
398 1337 453 1418 qui
474 1338 567 1414 latet,
591 1338 644 1399 lex
667 1348 716 1397 'est
736 1336 805 1398 sibi.

127 1425 216 1481 lroco
239 1415 427 1499 ignominiae
448 1427 498 1477 est
518 1417 603 1499 apud
621 1416 784 1501 indignum
804 1419 946 1503 dignitas.

126 1497 351 1579 Longinquum
372 1508 420 1558 est
439 1516 550 1575 omne,
572 1499 661 1581 quod
680 1496 837 1579 cupiditas
856 1499 988 1584 flagitat.

59 1582 79 1597 ’·
129 1572 300 1657 Longaeva
319 1576 382 1637 vit'a
402 1576 488 1639 mille
508 1578 574 1641 fert
593 1580 763 1641 molestias.

34 1735 38 1741 .
130 1661 271 1717 Lucrum
290 1655 358 1719 siue
381 1656 494 1721 damno
516 1660 649 1721 alterius
669 1659 739 1720 lieri
762 1679 825 1720 non
845 1672 960 1742 potest.
1038 1698 1041 1703 ·
1149 1694 1152 1699 ·

132 1739 155 1785 ³2²·
179 1737 338 1799 Luxuriae
359 1737 473 1815 desunt
493 1740 608 1820 multa,
633 1739 783 1803 avaritiae
805 1742 917 1807 omnia,
1088 1762 1091 1769 ·
1147 1760 1150 1767 ’

49 1818 53 1843 ³
87 1877 90 1885 ,
132 1884 134 1889 ,
210 1820 307 1902 Mage·
323 1817 404 1880 lidus
424 1819 520 1880 heres
541 1819 681 1882 nascitur
699 1834 793 1917 quam
814 1820 974 1888 scribitur.

72 1970 75 1976 ¹
134 1903 245 1983 Magna
269 1910 321 1962 est
338 1919 412 1969 eum
434 1899 554 1979 crimen
577 1899 684 1961 adfert
703 1901 884 1984 indignatio.

94 2018 99 2025 ,
120 1985 275 2065 'Magnam'
295 1978 458 2062 fortunam
480 2000 610 2060 magnus
631 1980 749 2041 animus
771 1981 935 2044 condecet.

132 2061 328 2144 Magnanimo
350 2057 482 2119 iniuriae
503 2070 552 2118 est
571 2060 750 2121 remedium
775 2062 903 2124 oblivio.

103 2162 107 2171 ·
134 2142 284 2223 Magister
307 2137 425 2217 orandi
439 2137 574 2217 optimus
596 2142 777 2208 necessitas.
1157 2192 1166 2223 Ι.

134 2223 285 2302 Magister
304 2238 379 2278 usus
402 2217 545 2296 omnium
565 2232 616 2281 est
637 2241 745 2282 rerum
767 2221 933 2304 optimus·
1026 2268 1030 2273 -

95 2304 319 2377 Ullaffnarum
340 2319 492 2381 aquarum
512 2301 661 2361 transiliri
684 2301 756 2364 fons
777 2315 894 2385 potest.

136 2348 333 2441 Mala'causa
350 2389 419 2456 est,
439 2399 520 2462 quae
540 2382 959 2475 requiritsmisericordiam.
1024 2396 1027 2403 ’

138 2460 238 2521 Malae
259 2469 389 2519 naturae
410 2480 570 2541 nunquam
593 2463 728 2524 doctore
748 2463 898 2546 indigent.

138 2546 159 2589 ὓ
179 2540 261 2613 Mala
280 2549 330 2599 est
349 2538 574 2615 medicina‚ubi
595 2543 714 2626 aliquid
733 2555 863 2605 naturae
884 2542 979 2628 perit·

140 2622 221 2691 Mala
244 2630 293 2682 est
315 2618 461 2699 voluptas
482 2618 522 2679 ad
542 2622 677 2684 alienum
703 2623 901 2687 adsuescere.

139 2701 221 2762 Mala
241 2719 326 2762 mors
339 2698 533 2761 necessitatis
551 2703 742 2765 contumelia
762 2715 821 2769 est.

144 2940 233 2996 MS.
252 2922 285 2984 ·ss
313 2942 372 3007 398.
403 2942 495 2995 Eiusd.
522 2949 553 3011 ut
573 2939 653 2992 etiam
679 2956 703 2989 v.
724 2937 783 3004 409.
807 2947 834 2991 ct
851 2942 911 2997 403.
928 2968 965 2999 -,
982 2958 1005 2991 r.
1022 2938 1084 3008 404.
1107 2942 1149 2995 Ex
1181 2956 1186 2973 ·

144 3011 288 3080 proverbio
307 3012 413 3063 Graeco
443 3011 492 3061 Ed.
515 3008 593 3063 Both.
623 3008 663 3057 (ΣΙ.
691 3009 792 3058 Eraarn.
817 3010 901 3076 Adag.
922 3011 975 3075 ΙΙΙ,
1001 3024 1026 3073 3,
1048 3012 1092 3075 5⁶·
1112 3022 1148 3055 ·...

105 3128 121 3135 ,,
145 3100 167 3131 v.
185 3079 244 3145 415.
261 3078 351 3129 Eiusd.
362 3107 395 3118 -
412 3097 436 3129 r.
453 3076 513 3197 457.
532 3076 627 3127 Publio
645 3077 739 3127 tribuit
755 3078 856 3129 Seneca
875 3088 952 3146 pater
972 3078 1149 3131 Controvers.

148 3150 194 3212 ΙΙΙ,
217 3162 255 3213 ι7.
273 3177 305 3186 -
327 3164 353 3196 π.
371 3146 429 3212 422.
450 3164 464 3197 a
501 3146 560 3212 424.
579 3143 627 3193 Ed.
646 3145 722 3195 Botlr.
745 3173 777 3185 -
796 3165 819 3198 v.
838 3145 897 3211 [1¹18.
920 3147 1077 3197 Emeudavit
1091 3148 1148 3197 llo·

148 3210 216 3268 thiris
234 3216 363 3281 vulgatam
381 3215 528 3267 lectionem
549 3230 734 3276 corrauescere,
752 3232 819 3283 quac
832 3225 926 3265 contra
946 3223 1062 3265 metrum
1079 3232 1148 3283 pec·

149 3294 200 3337 cat.
224 3284 325 3337 Eadem
356 3285 463 3343 rationu
487 3281 614 3336 emendat
629 3321 632 3327 .
647 3284 726 3334 etiam
755 3283 954 3348 mabillonius,
985 3299 1162 3351 proponens.

117 3394 137 3413 ,,
150 3362 177 3405 st
199 3344 252 3407 lice
276 3350 443 3407 remedium:
464 3350 617 3425 lardum
637 3352 770 3423 voluptas
794 3353 885 3403 adano
908 3367 1094 3403 coruueseerc.
1111 3378 1149 3393 —
