2386 3758
255 992 320 1057 DE
347 991 591 1058 stuposlt
626 994 968 1063 AENlGMATIS.

548 1149 676 1166 ¹—-

185 1278 370 1366 Aenigmata
394 1277 460 1339 sive
481 1269 605 1357 scirpos
621 1285 655 1338 et
666 1279 818 1365 griphos,
836 1290 873 1341 ut
893 1276 977 1362 apud
998 1298 1107 1342 omnes

109 1383 177 1445 lere
198 1396 325 1466 gentes,
356 1383 400 1444 ita
429 1381 522 1442 etiam
549 1380 634 1459 apud
664 1382 805 1445 Graecos
831 1392 927 1464 atque
946 1383 1107 1443 Romanos

107 1484 274 1567 multiplici
293 1483 326 1544 in
345 1505 405 1545 usu
425 1483 522 1544 fuisse
547 1493 581 1542 et
606 1503 659 1545 res
680 1485 749 1568 ipsa
769 1484 915 1569 loquitur
934 1496 968 1545 et
989 1483 1108 1548 diserta

109 1599 256 1648 veterum
289 1597 453 1648 auctorum
479 1587 660 1648 testimonia
687 1587 882 1652 confirmant.
926 1587 974 1667 (V
976 1627 983 1644 .
1009 1585 1108 1648 Athe-

107 1709 203 1749 naeus
225 1691 274 1765 X,
298 1688 343 1752 15.
366 1689 490 1750 Polluc.
516 1689 681 1756 Onomast.
715 1692 771 1771 Vl,
800 1709 845 1772 ¹9·
872 1689 901 1772 ᾗ.
927 1711 991 1756 107.
1013 1686 1108 1750 Gellii

107 1796 200 1858 Noct.
222 1792 425 1872 Att.xV111‚
451 1801 495 1867 2.)
512 1794 619 1877 Atque
640 1794 725 1876 apud
746 1793 870 1855 Gaccos
892 1790 1022 1875 quidem
1044 1811 1108 1872 non

109 1895 261 1973 defuere,
294 1896 349 1979 qui
374 1896 497 1980 integra
532 1897 740 1981 aenigmatum
767 1893 924 1957 volumina
954 1893 1108 1975 peculiari

107 1997 213 2058 studio
235 2011 289 2058 aut
310 1994 540 2083 componerent
564 2013 616 2063 aut
648 1999 855 2080 colligerent,
876 2006 911 2055 ut
933 1995 1108 2058 Cleobulus

108 2101 256 2175 Lindius,
277 2102 437 2164 Diotimus
459 2101 644 2186 Olympius,
666 2100 855 2173 Clearchus,
877 2099 927 2159 alii
934 2121 945 2178 3
967 2121 986 2161 e
1006 2101 1108 2162 latinis

106 2199 198 2264 huius
218 2205 344 2287 generis
376 2206 586 2288 scriptoribus
615 2207 704 2269 'sotus
734 2212 881 2286 supcrcst
913 2203 1106 2287 symposius.

108 2309 186 2366 Nam
206 2306 334 2389 Apuleii
353 2307 453 2369 Liber
476 2310 689 2372 Ludicrorum
720 2320 751 2370 ot
778 2304 984 2387 Gryphorum
1007 2307 1108 2371 consi·

107 2409 189 2470 milis
209 2407 344 2472 sortasse
365 2415 543 2494 argumenti
564 2427 699 2476 aetatem
728 2432 792 2474 non
811 2409 895 2473 tulit.
938 2409 1062 2495 Quibus
1083 2412 1110 2473 si

109 2506 267 2583 addideris
293 2510 419 2572 unicum
450 2511 646 2598 Griphorum
678 2535 804 2575 carmen
825 2514 856 2573 in
878 2512 1011 2573 Ausonii
1032 2535 1109 2596 ope·

108 2608 196 2668 ribus
212 2624 373 2675 serratum
385 2615 426 2676 de
439 2638 572 2706 numero
593 2617 748 2695 ternario,
769 2615 859 2701 quod
880 2627 985 2678 tamen
1005 2618 1109 2702 aenig·

106 2714 199 2775 matis
219 2716 322 2799 qualia
341 2738 399 2780 nos
418 2739 500 2780 nunc
516 2717 587 2779 fere
604 2719 808 2802 intelligimus
824 2717 1027 2780 adnumerari
1047 2742 1108 2782 non

107 2829 225 2899 potest,
246 2839 339 2881 nemo
360 2820 438 2881 alius
456 2833 588 2903 practer
608 2820 667 2880 hos
687 2831 754 2882 tres
774 2819 950 2902 scriptores
972 2842 1110 2884 comme·

109 2933 261 2994 moratur,
283 2922 337 3007 qui
357 2923 442 2983 inter
462 2923 577 2985 latinos
604 2922 787 3006 aenigmatis
815 2922 1036 2986 concinnandis
1057 2934 1111 2985 aut

109 3023 293 3108 colligendis
327 3025 530 3107 peculiarem·
558 3045 689 3107 operam
727 3025 931 3107 impenderit.
984 3028 1110 3087 Horum

109 3138 213 3188 autem
236 3129 463 3213 aenigmatum,
489 3127 604 3213 quibus
625 3128 703 3189 haec
724 3127 970 3210 praemittimus,
1003 3139 1110 3190 aucto·

107 3249 174 3290 rem
197 3230 342 3316 plerique
363 3251 445 3292 nuno
462 3231 663 3314 symposium
685 3240 811 3309 vocant,
832 3228 893 3290 etsi
914 3250 1027 3293 nomen
1047 3252 1110 3293 non

108 3331 179 3391 satis
201 3345 324 3394 certum
346 3335 490 3395 hahetur.
532 3332 667 3395 Codices
694 3335 776 3396 euim
800 3331 912 3413 scripti
938 3344 970 3393 et
989 3334 1110 3415 primae

857 3451 879 3500 ,9
898 3437 912 3464 1
