2386 3758
193 262 227 317 et
570 277 574 285 ·
600 258 782 323 vestimen

24 448 31 463 ..
108 453 113 463 ,
196 408 244 482 53.
266 405 454 469 Deteiioree
478 419 586 468 omnes
608 429 713 471 eumue
731 407 870 471 licentia.
930 466 933 472 .

221 495 224 501 ⁴
298 488 360 538 Ter.
379 489 404 537 ln
422 487 515 538 Heaut.
551 489 762 559 <inopiuslieet
783 487 879 549 nobis,
899 500 976 540 unito
997 488 1083 554 mugit
1099 485 1172 536 libet

195 584 242 652 54.
263 577 394 637 Ducunt
417 578 575 643 volentem
597 579 681 654 sate,
705 577 865 641 nolentem
886 576 1024 640 trahunt.

296 657 397 711 Seneca
417 677 431 711 e
449 659 578 712 Cleanthe
596 661 645 712 lib.
673 660 711 711 ιδ.
740 658 774 709 nd
797 659 882 709 Lucil.
904 659 987 709 Fotis
1006 675 1081 710 nemo
1099 666 1191 724 potest

280 728 430 865 'affine
443 726 653 798 obsequentibus
664 725 817 794 indulgent,
832 725 1050 795 repugnantibus
1068 726 1126 776 uim
1146 726 1190 774 in·

192 882 434 965 55.·Decipitur
457 905 568 958 nemo,
592 883 647 968 qui
673 884 778 947 amicis
798 895 888 945 recte
909 903 961 949 res
981 895 1088 944 narrat
1108 904 1190 944 suas.

295 965 383 1020 Plout.
400 966 426 1016 in
444 966 527 1017 Poen.
546 961 719 1016 'irochuicun
739 967 802 1016 Non
810 965 899 1036 fenile
914 977 1005 1026 errat,
1020 966 1070 1035 qui
1082 966 1190 1015 umico·

245 1079 249 1085 .
294 1048 357 1085 rum
377 1035 468 1084 utitur
481 1032 752 1103 consiliiefldelibus.

193 1124 239 1196 56.
261 1118 402 1185 Difficile
424 1122 603 1185 custoditur
646 1122 711 1183 uod
731 1123 822 1184 multi
845 1134 968 1254 petunt.

292 1203 410 1272 Epo'e'to
427 1204 545 1270 antiquo.
565 1204 596 1253 D.
639 1220 789 1272 leronymus
811 1213 837 1255 et
864 1204 978 1255 sidocus.
1018 1204 1124 1255 Dicitur
1154 1206 1190 1257 de

295 1273 381 1323 forma
396 1271 527 1336 muliebri,
550 1288 630 1339 quam
648 1273 736 1324 celare
757 1271 880 1336 difficile,
905 1271 1040 1324 custodire
1059 1274 1086 1322 in
1103 1276 1190 1322 miuri-

257 1350 259 1355 ‘
295 1341 346 1390 bue
363 1339 492 1406 improbis
509 1341 686 1408 impossibile:
711 1342 852 1392 necessitas
870 1342 941 1392 enim
959 1340 1041 1392 infida
1060 1343 1191 1392 castitatis

234 1455 236 1459 Α
290 1414 378 1458 custos
404 1414 452 1457 eet.
696 1418 698 1424 '

193 1510 243 1578 57.
264 1494 401 1557 Dubiam
424 1497 557 1569 salutem
579 1498 634 1584 qui
653 1497 707 1562 dat
726 1495 870 1576 afflictis,
896 1510 1000 1592 negat.

290 1577 375 1628 Senec
391 1577 418 1657 in
433 1579 532 1649 Oedip.
553 1583 609 1648 Qui
622 1600 678 1632 nou
692 1583 783 1633 statim
797 1583 877 1632 iuvat
893 1598 917 1630 st
930 1592 1029 1649 potest,
1042 1599 1100 1632 non
1114 1583 1189 1633 mul·

221 1686 223 1691 ,
297 1656 352 1694 tum
368 1662 482 1700 miseros
501 1651 585 1702 iuvat.

191 1746 239 1812 58.
259 1736 405 1801 Dediscit
425 1736 544 1801 enimus
564 1758 655 1813 sero,
682 1728 768 1822 quod
787 1737 898 1800 didicit
917 1739 981 1800 diu.

289 1819 373 1871 Idem.
391 1821 418 1869 in
437 1820 536 1872 Troud.
568 1815 651 1886 Quod
667 1820 777 1870 insitum
801 1820 925 1872 sensibus
946 1832 971 1870 et
994 1822 1186 1894 confirmatum

290 1886 420 1956 doctrino
435 1900 483 1950 est,
495 1885 817 1960 difficulterdeponitur.

192 1992 240 2062 59.
260 1981 401 2041 Demens
422 1977 568 2039 dolorem
587 1976 673 2038 ridet
691 1975 876 2038 infelicium.

285 2061 386 2112 Auson.
412 2077 443 2112 ex
469 2060 580 2109 Pittaco.
617 2057 673 2122 Qui
700 2057 816 2108 oliorum
841 2055 939 2108 dolore
956 2057 1076 2123 gaudet,
1107 2079 1185 2111 surim

287 2129 394 2195 methim,
416 2124 493 2200 quod
512 2135 576 2175 ‹ittte
595 2123 676 2193 pedes
695 2136 750 2185 est,
764 2143 822 2175 non
838 2125 969 2193 inteiligit
990 2139 1040 2177 out
1051 2129 1186 2197 providet.

189 2213 240 2279 60.
259 2219 399 2281 Demens
420 2211 564 2296 superbis
585 2212 705 2276 invidet
725 2213 884 2280 felicibus.

285 2298 361 2350 Idem
379 2316 410 2350 ex
425 2296 529 2348 eodem·
553 2293 673 2364 Superbi
691 2314 748 2347 non
774 2310 840 2349 eunt
862 2296 945 2362 digni
965 2295 1085 2347 invidio:
1114 2318 1185 2350 nun.

290 2384 371 2437 quom
385 2366 455 2416 ereim
470 2374 510 2413 est
528 2360 570 2429 (ut
583 2363 655 2415 idem
672 2366 804 2419 Ausonius
824 2368 851 2417 in
868 2364 972 2436 Capua)
985 2366 1108 2418 stabilem
1123 2386 1184 2419 soi·-

296 2446 348 2486 tita
361 2431 491 2503 superbio
511 2428 607 2481 eedem

189 2521 237 2586 61.
257 2523 361 2591 Detur
378 2519 500 2585 meritis
520 2519 677 2582 maiorum
696 2523 782 2583 nulle
802 2523 913 2604 glorie.

290 2603 513 2671 Emouuecripto.
529 2601 608 2655 Peuci
626 2602 734 2657 laudem
749 2605 868 2656 debitam
885 2607 971 2657 virtuti
987 2610 1109 2669 tribuunt
1130 2613 1185 2661 suis

289 2674 442 2735 maioribus,
460 2670 521 2789 qluic
542 2672 668 2739 propriae
692 2675 865 2725 excellentiae
882 2674 960 2725 nimis
980 2687 1041 2729 eunt
1061 2679 1184 2729 studiosi.

286 2739 438 2795 Alexander
452 2739 473 2790 C
485 2739 552 2792 itum
567 2739 704 2804 interimit,
728 2741 802 2811 quod
818 2743 900 2812 patrie
923 2744 980 2795 eius
1002 2747 1126 2800 virtutem
1143 2748 1183 2796 ni·

287 2810 371 2860 mium
390 2808 543 2861 extolleret.

189 2898 236 2964 62.
256 2899 341 2961 Dum
374 2896 406 2959 in
437 2895 533 2958 dubio
562 2908 610 2959 est
637 2895 776 2977 enimus,
810 2901 904 2984 paulo
932 2913 1093 2966 momento
1122 2899 1183 2962 huc

349 3036 352 3042 .
389 2978 466 3041 illuc
486 2977 671 3060 impellitur.

288 3064 397 3117 Terent.
415 3060 441 3109 in
466 3057 525 3109 And
568 3059 722 3110 Haesitatio
745 3061 834 3111 omnis
852 3063 959 3113 incerto
984 3069 1010 3111 et
1028 3058 1182 3110 subitaneo.

288 3130 346 3194 (lui
366 3126 502 3194 disputet,
520 3124 645 3188 (bibitur,
673 3124 713 3177 ud
736 3129 845 3179 ruinam
865 3131 990 3181 inolinnt.
1021 3127 1183 3178 Octonorius

288 3197 428 3249 lumbicus.
453 3195 568 3262 (Penius
585 3193 682 3247 adiect.
706 3195 777 3263 apud
803 3199 967 3252 'Terentium
997 3193 1069 3244 haud
1099 3196 1180 3246 infre·

288 3282 379 3335 quens.
402 3265 447 3315 Sic
458 3263 570 3333 Adelpli.
586 3266 611 3328 5,
629 3263 654 3329 b,
669 3278 710 3313 oo.
720 3263 804 3332 poulo
821 3278 918 3316 eumin.
935 3260 1034 3330 Orell.)

188 3355 236 3418 63.
257 3355 393 3440 Eripere
415 3355 624 3439 vitamuemo
645 3374 709 3421 non
729 3352 848 3438 homini
867 3362 985 3437 potest.

572 3526 658 3546 *-
