2386 3758
367 242 481 299 cneio
500 243 661 299 srnrosu
682 243 900 314 remunerer
1066 254 1113 306 ιω

113 397 198 459 Adra
219 415 280 477 per
302 396 444 457 medIum
465 395 561 456 docta
584 401 667 451 meat
688 403 757 453 erte
778 391 897 467 vietor3

114 477 233 538 Semitu
253 473 310 538 sed
333 473 439 536 brevis
460 486 525 566 eet,
550 471 684 553 pedibus
704 491 764 534 nee
784 471 903 534 suffici-t
923 473 1009 556 ipsit.

558 586 674 659 XCIV,

114 685 243 747 Insidias
263 681 363 746 nullae
384 703 504 746 vereor
528 683 568 744 de
589 680 703 742 fraude
724 676 850 759 latenti3

114 769 194 826 Nam
214 769 307 826 Deus
324 765 467 826 attribuit
486 764 578 826 nobie
602 762 682 830 haec
702 781 834 837 munera
856 759 998 840 formae,
1104 795 1108 798 ·

117 847 214 928 Quod
235 867 286 906 me
307 867 402 908 nemo
424 856 542 922 movet,
562 843 622 904 nisi
641 841 696 926 qui
715 841 803 923 prius
824 841 894 924 ipse
914 855 1071 927 movetur.

558 957 657 1019 XCV.

114 1073 217 1157 Virgo
237 1071 380 1132 modesta
399 1064 491 1133 nimie
509 1066 616 1155 legem
637 1065 720 1131 hene
739 1087 835 1138 servo
855 1066 998 1152 pudoris.

116 1154 184 1214 Ore
206 1173 324 1236 procax
344 1171 407 1212 non
430 1171 510 1230 sum,
526 1172 586 1213 nee
606 1169 675 1213 sum
694 1151 864 1211 temeraria
881 1150 1007 1232 lingua3

118 1234 209 1295 Ultro
231 1233 306 1296 nolo
326 1231 426 1316 loqui,
448 1233 506 1309 sed
528 1233 570 1295 do
591 1251 745 1314 response
765 1231 922 1314 loquenti.

559 1341 677 1409 XCVI.

119 1458 241 1542 Sponte
263 1477 333 1519 mea
357 1456 486 1519 veniens
506 1457 609 1522 varias
631 1451 765 1519 ostendo
786 1454 923 1538 figuram

122 1542 227 1622 Fingo
248 1550 349 1599 metus
373 1557 472 1600 vanos
496 1539 584 1600 nullo
605 1536 783 1597 discrimine
804 1557 899 1610 vero,

120 1619 185 1683 Sed
206 1639 257 1680 me
278 1639 372 1680 nemo
396 1617 496 1700 videt,
515 1620 574 1680 nisi
595 1618 652 1702 qui
671 1637 728 1677 sua
745 1616 863 1678 lumine
884 1617 1014 1685 claudit.
1047 1619 1052 1647 '¹

550 1732 678 1798 XCVII.

120 1831 243 1891 Nomen
261 1828 383 1894 hebens
403 1832 536 1897 hominis
559 1841 632 1913 post
651 1827 761 1889 ultima
780 1824 846 1888 fata
866 1828 1020 1912 remansi3

120 1911 243 1971 Nomen
264 1913 354 1973 inane
374 1921 491 1991 manet,
515 1916 572 1973 sed
593 1909 694 1971 dulcis
712 1908 779 1970 vite
796 1905 961 2002 profugit,

123 1988 196 2052 Vita
215 2004 321 2053 tamen
342 2006 489 2076 superest
508 1993 605 2053 morti
622 2001 697 2072 post
715 1999 861 2071 tempora
881 2000 976 2052 ultae.

549 2088 691 2156 xcvlss.

123 2183 234 2245 Murro
254 2181 332 2246 mihi
352 2187 495 2270 geminus
516 2184 608 2247 ferro
630 2184 834 2270 coniungitur
853 2197 936 2262 un03
1108 2265 1111 2268 ‚

123 2263 203 2322 Cum
223 2275 320 2327 vento
339 2268 456 2345 luctor,
477 2286 549 2327 eum
570 2266 697 2349 gurgite
716 2287 824 2351 pugno
844 2263 1025 2348 Pr⁰f¹¹nd⁰3
1109 2296 1114 2350 J

122 2340 256 2405 Scrutor
276 2367 373 2430 aquas
397 2346 528 2428 medies,
549 2346 631 2428 ipsas
652 2367 783 2434 quoque
802 2347 937 2409 mordeo
958 2357 1071 2415 terres.
1110 2377 1112 2382 ·

564 2445 676 2506 XCIX.

122 2540 225 2601 Mater
247 2551 316 2602 emt
335 2538 440 2614 tellus3
461 2538 587 2622 genitor
607 2541 669 2601 fuit
687 2541 756 2625 ipse
776 2539 1009 2624 Prometheum

127 2621 366 2709 Auriculaeque
385 2632 502 2702 regunt
521 2619 687 2682 redimitae
706 2635 819 2686 ventre
840 2633 961 2688 caveto.

126 2701 213 2760 Dum
234 2701 336 2762 cecidi
355 2701 475 2778 infelix,
496 2711 598 2760 mater
618 2721 689 2762 mea
708 2722 760 2764 me
780 2703 897 2768 divisit.

607 2801 643 2864 G.

124 2894 262 2976 Frigore
282 2894 458 2978 digredior,
478 2894 636 2958 redeunte
657 2894 765 2958 calore
787 2907 949 2969 revertor.

123 2977 250 3037 Desero
273 2976 359 3060 quod
379 2976 503 3058 peperi3
523 2975 586 3039 hoe
605 2987 710 3037 tamen
730 2976 846 3039 edueat'
867 2979 966 3044 altera
984 2992 1095 3050 mater.

142 3114 317 3128 ——-

124 3176 220 3244 XCIV,
240 3193 263 3232 1.
280 3179 397 3233 Latenti
412 3185 445 3234 Α.
465 3181 495 3233 Β.
522 3181 553 3232 C.
570 3182 603 3233 D.
622 3182 684 3234 Per.
708 3181 821 3233 latentis
842 3183 911 3237 Pith.
934 3209 967 3225 -
990 3199 1014 3241 t·
1040 3185 1123 3241 duim

125 3247 194 3297 milri
207 3266 321 3299 munera
342 3251 413 3302 Cast.
431 3281 465 3293 —
481 3252 563 3316 XCV,
581 3267 606 3302 α.
624 3253 767 3301 temeraria
780 3253 892 3318 linguae
909 3254 941 3305 D.
964 3282 997 3294 ·-
1028 3256 1123 3321 XCIV,

127 3329 152 3371 It.
171 3328 259 3373 metus
276 3321 371 3369 varior
384 3322 456 3371 Cast.
477 3346 511 3359 -
526 3333 551 3384 3.
568 3319 675 3370 claudet
692 3320 725 3370 D.
747 3347 781 3359 -
802 3321 932 3384 XCVIII,
958 3337 980 3374 ι.
999 3341 1069 3375 unco
1089 3323 1121 3376 A.

128 3383 156 3433 B.
174 3385 244 3435 Cast.
263 3387 395 3457 werne„
411 3405 468 3440 uno
485 3388 516 3439 C.
535 3390 567 3440 E.
584 3389 645 3440 Per.
662 3386 739 3453 pith„
761 3411 794 3427 ···
810 3387 906 3454 XCIX,
928 3403 952 3444 e.
980 3393 1122 3444 Aurrerdas
