2386 3758
513 217 695 273 DISTICHIS.
796 224 799 229 '
1065 227 1100 281 95

93 367 169 454 375.
210 366 275 435 Ed.
303 368 458 433 amram
487 367 557 431 eius
584 367 683 431 verba
708 368 753 431 ita
782 366 964 450 accipienda
981 381 1102 449 censet,

92 473 189 561 quasi
208 492 274 536 ιιοιι
294 469 336 535 de
359 470 476 535 horum
495 470 723 551 distichorum,
747 471 806 533 scd
825 470 867 532 de
886 470 979 531 unius
997 470 1103 551 huius,

92 595 182 663 quae
202 573 249 637 ab
263 594 305 639 eo
325 572 490 655 undatur,
515 574 709 671 sententiae,
733 575 838 659 primo
858 583 991 637 auctore
1011 574 1107 636 dubi·

91 677 227 745 tavent

179 778 218 841 lu
236 774 405 843 Codicibus
425 777 514 843 varie
533 775 587 841 hic
606 776 734 843 libellus
747 726 942 844 inscribitur
964 779 1000 840 ln
1018 779 1102 843 libro

96 880 315 951 vetustissimo
340 879 493 943 Simeonis
521 880 611 943 Bosii
640 902 658 943 a
684 878 847 965 scaligero
879 893 1032 963 usurpato
1059 882 1103 944 ita

96 984 274 1069 inscriptus
299 995 368 1053 est:
406 982 550 1065 Dionysii
572 983 700 1046 Catonis
727 982 869 1047 Disticha
895 983 936 1043 de
961 983 1103 1047 moribus

99 1088 146 1149 ad
165 1084 272 1154 ulium
313 1085 381 1149 Sed
400 1086 518 1171 reliqui
537 1086 609 1149 fere
637 1086 773 1150 Codices
797 1097 893 1170 atque
920 1085 1004 1151 Edd.
1025 1088 1102 1148 anti·

100 1187 270 1275 quissimae
300 1188 424 1253 nonnisi
443 1188 570 1251 Catonis
588 1209 704 1251 nomen
722 1188 849 1267 ferunt,
876 1186 1020 1268 Dionysii
1039 1208 1103 1249 non

104 1290 232 1359 addunt.
276 1289 389 1355 Codex
408 1289 605 1355 aGoldastio
619 1291 780 1375 inspectus
800 1303 965 1354 auctorem
977 1289 1104 1352 ferebat

96 1394 331 1472 ,Octavianum
357 1404 449 1455 setus
468 1393 687 1456 Distichorum
711 1395 880 1457 Glossator
906 1393 963 1463 MS
983 1414 1001 1454 a
1020 1396 1104 1454 Box-

97 1496 217 1563 horoio
236 1493 396 1559 adhibitus
417 1495 457 1559 sb
477 1496 546 1559 aliis
566 1495 707 1557 Tullium
725 1496 843 1559 horum
862 1517 1013 1560 versuum
1032 1515 1106 1557 auc·

99 1612 211 1687 torem
238 1598 396 1663 nominari
425 1596 516 1676 dicit,
547 1596 587 1660 ab
614 1597 682 1658 aliis
703 1599 857 1661 Joaunem
878 1599 1106 1665 elothomium

102 1700 276 1809 <Bothum
296 1700 489 1764 Dissertatio
514 1720 587 1784 pag.
614 1701 686 1768 357.
715 1700 777 1765 Ed
806 1701 988 1784 Arntzou).
1029 1701 1106 1762 Inde

97 1817 244 1923 apparet
265 1803 394 1869 uomina
424 1802 589 1867 Catonis'
580 1823 642 1863 ram
667 1803 839 1888 antiquitus
865 1802 945 1864 haec
974 1803 1107 1864 disticha

102 1905 265 1993 insigniri,
283 1926 397 1969 eorum
418 1918 525 1969 autem
544 1905 716 1986 nominum,
736 1925 817 1992 quae
837 1905 968 1987 insuper
988 1904 1107 1966 addun-

100 2022 169 2089 tur,
187 2030 333 2094 magnam
353 2027 425 2072 esse
446 2007 688 2091 discrepantiam
708 2020 742 2071 et
760 2006 862 2070 fere
852 2019 973 2069 incerta
993 2007 1107 2073 omnia,

93 2114 199 2203 Quas
219 2112 351 2196 quidem
380 2132 434 2174 res
464 2131 578 2175 eorum
604 2111 821 2175 coniecturam
846 2108 1035 2173 confirmare
1061 2109 1108 2171 vi·

104 2214 240 2293 deutur,
265 2214 322 2298 qui
340 2214 467 2276 nomine
489 2214 617 2277 Catonis
638 2236 701 2277 non
724 2226 905 2291 auctorem,
930 2213 987 2274 aed
1008 2213 1109 2295 ipsam

103 2318 187 2380 hanc
208 2317 437 2379 sententiarum
457 2316 650 2400 farraginem
671 2316 839 2402 significari
859 2328 988 2399 putant,
1008 2324 1061 2394 ut,
1082 2315 1109 2377 si

103 2418 250 2501 Dionysii
269 2419 389 2482 nomini
407 2420 498 2482 locus
518 2419 728 2503 relinquatur,
746 2419 874 2481 libellus
892 2417 1109 2480 inscribendus

66 2572 71 2579 .
106 2523 165 2585 sits
211 2521 354 2603 Dionysii
380 2525 476 2602 Cato,
505 2522 572 2584 sive
599 2522 744 2583 Disticha
763 2524 815 2584 De
834 2520 978 2584 Moribus
999 2520 1039 2581 sd
1059 2520 1112 2581 Fi·

104 2625 202 2703 lium3
229 2644 311 2708 quae
340 2623 470 2709 quidem
497 2636 548 2686 est
573 2623 712 2703 suspicio
740 2622 909 2685 admodum
935 2622 1112 2704 probabilis

109 2725 283 2809 Scaligeri,
304 2728 448 2805 Erasmi,
468 2728 605 2804 Heinsii,
627 2724 770 2801 Barthii,
791 2720 957 2799 Morhoiii,
980 2725 1112 2803 Wsssii,

106 2827 356 2908 Brouchhousii,
377 2831 524 2910 aliorum,
538 2831 581 2896 V·
596 2825 817 2910 Cannegietcri
836 2825 1008 2907 Rescripta
1027 2829 1112 2887 Box-

107 2931 234 2996 hornio.
264 2933 342 3013 Cap.
369 2932 410 2999 V.
435 2955 468 3017 p.
495 2935 565 3000 382.
598 2943 631 2994 et
649 2926 815 2991 Arntzenii
835 2926 897 2995 Ed.
917 2950 954 3011 p.
972 2928 1003 2993 3.
1043 2929 1113 2987 Hae

109 3034 317 3116 inscriptione
345 3047 525 3113 auctorem,
553 3035 736 3118 quicunque
757 3032 886 3094 demum
905 3029 1022 3105 ruerit,
1041 3048 1113 3092 ter-

110 3156 163 3197 sus
183 3157 259 3198 suos
287 3137 511 3200 commendare
540 3137 678 3200 voluisse
706 3134 797 3198 nobis
823 3154 886 3195 non
913 3133 1048 3194 alienum
1067 3129 1113 3194 vi·

105 3237 252 3317 debitur,
277 3239 333 3300 ubi
352 3240 604 3319 meminerimus,
635 3239 755 3303 veteris
777 3238 861 3298 illius
883 3234 1011 3298 Catonis
1033 3234 1113 3295 Cen·

113 3341 191 3404 sorii
211 3354 244 3404 et
263 3344 399 3405 Carineu
423 3342 580 3405 exstitisse
606 3344 658 3402 Do
685 3338 849 3420 moribus,
877 3351 910 3401 ct
937 3340 1115 3422 Praecepta
