2386 3758
90 1040 487 1184 connis
537 1035 1090 1170 srm'uosu

384 1300 906 1393 luuleulum·‘

503 1539 687 1557 m

469 1715 716 1785 PROLOGUS.

92 1881 181 1940 Haec
204 1898 335 1965 quoque
354 1878 538 1963 symposius
560 1881 601 1943 de
623 1881 764 1942 carmine
783 1881 861 1942 lusit
883 1880 1010 1961 inept03

93 1959 146 2019 Sic
167 1971 213 2037 tu,
232 1959 338 2036 Sexte,
360 1961 468 2039 doces,
489 1961 536 2030 sie
556 1973 590 2022 te
610 1961 712 2022 deliro
733 1983 782 2021 ma
806 1961 894 2032 istro,

92 2045 203 2101 Annua
223 2038 351 2100 Saturni
371 2041 447 2103 dum
467 2055 613 2124 tempora
640 2042 722 2103 festa
742 1981 901 2114 redirent,

92 2120 365 2203 Perpetuonobis
386 2143 515 2205 semper
537 2123 688 2183 sollennia
709 2120 803 2197 ludo,

92 2202 171 2262 Post
195 2201 303 2284 epulas
323 2201 434 2274 laetas,
457 2215 529 2285 post
551 2202 667 2285 pocula
687 2201 793 2272 dulcia
811 2219 956 2280 mensae,
1073 2207 1094 2269 5

93 2280 217 2348 Delirus
238 2281 320 2342 inter
340 2285 463 2349 vetulas
484 2303 669 2367 puerosque.
688 2282 721 2342 lo
745 2300 855 2357 neces,

94 2363 173 2419 Cum
194 2370 257 2420 stre
283 2374 352 2422 eret
372 2363 435 2425 late
455 2364 599 2425 madidae
622 2304 768 2424 facundia
789 2362 931 2444 linguae:

94 2443 174 2499 Tum
196 2382 333 2501 vendosa
357 2445 474 2506 cohors
495 2444 601 2520 studio
622 2444 775 2505 sermonis
798 2442 898 2523 inepti
924 2462 931 2472 ·

93 2519 209 2582 Nescio
251 2542 307 2581 uas
326 2525 442 2604 passim
462 2548 511 2587 ma
534 2545 576 2585 no
596 2524 638 2585 de
657 2524 784 2602 nomine
808 2541 906 2605 nugas

94 2601 154 2658 Est
173 2542 322 2662 meditata
343 2603 407 2677 diu,
428 2605 485 2665 sed
505 2603 622 2666 {rivola
641 2605 739 2663 multa
759 2604 866 2665 locuta
887 2612 944 2660 est.
1056 2615 1093 2680 10

93 2680 161 2740 Nec
181 2680 343 2742 mediocre
363 2683 426 2745 fuit
445 2686 550 2768 magni
569 2683 747 2747 certaminis
767 2683 883 2754 instar,

95 2760 223 2829 Ponere
247 2760 384 2840 diverse,
405 2765 457 2826 vel
478 2766 606 2827 solvere
626 2783 771 2855 quaeque
793 2759 939 2824 vicissim.

96 2840 155 2899 Ast
176 2860 237 2934 ego
256 2861 296 2902 ne
316 2843 403 2906 solus
424 2844 521 2911 foede
542 2844 679 2909 tacuisse
703 2841 853 2916 vrderer,

97 2919 162 3000 Qui
182 2919 260 2981 mhil
279 2923 446 2985 attuleram
465 2946 609 3002 meeum,
634 2921 722 3007 quod
743 2921 852 2989 dicere
872 2940 1017 3005 possem,

104 3076 294 3092 m

163 3168 271 3232 Prolog.
299 3182 365 3218 vers.
393 3185 410 3218 ι.
435 3174 501 3219 eto.
527 3169 626 3220 desunt
644 3167 670 3216 in
691 3165 743 3221 Ed.
765 3168 874 3220 Perion.
909 3193 942 3205 -
982 3181 1047 3216 vers.
1070 3183 1094 3233 7.

99 3234 169 3284 Dum
187 3246 319 3304 streperet
338 3233 404 3287 Cod.
427 3236 456 3285 Α.
474 3268 506 3278 -
525 3257 547 3286 v.
565 3253 590 3303 ς).
610 3237 754 3286 Heumann.
773 3238 927 3288 coniectura
947 3249 1046 3300 magno
1064 3233 1096 3284 de

79 3304 235 3367 murmure,
265 3306 300 3354 ita
326 3313 355 3353 nt
377 3321 477 3370 'arogno
507 3325 567 3356 cum
592 3303 685 3354 studio
705 3306 889 3371 coniungatur.
909 3302 1095 3354 Bunemannus

98 3371 240 3437 legendum
265 3381 357 3424 censet
376 3377 643 3440 magnomonomine.
678 3404 709 3412 -
743 3382 765 3420 ν’.
794 3388 831 3422 12.
851 3368 958 3420 divorsa
977 3370 1046 3422 Cod.
1065 3372 1095 3422 Α.
