2386 3758
476 265 702 322 sententian.
1056 272 1090 324 aa
1171 334 1174 340 Ι

190 417 255 465 item
271 415 301 463 in
319 416 410 463 oraimo
432 424 481 463 out
499 413 611 480 ingenio
626 413 693 474 viri,
710 429 766 462 non
783 414 813 463 in
832 411 894 463 sede
914 425 997 485 atque
1013 414 1090 465 ioco:

187 498 240 550 qua
257 483 362 532 ratione
381 481 469 533 infima
489 480 554 532 sede
572 483 677 532 locatus
696 479 897 549 Epaminondas
913 500 942 534 se
959 482 1088 536 defendit.

90 567 159 640 103.
180 572 318 633 Homine
337 570 496 653 iinpeiito'
507 590 667 654 nunqnam
688 571 860 654 quimlnam
879 570 1035 638 iniustius.

113 701 118 715 ,
191 656 300 705 Terent.
319 653 347 703 in
363 652 479 721 Adelph.
499 651 615 702 Eadem
630 652 731 717 legitur
746 655 879 703 sententia
896 653 968 720 apud
985 655 1089 721 Oppia-

190 737 254 770 num
275 729 300 771 et
317 724 448 788 repetitur
467 721 500 770 ab
518 720 639 771 Horatio.
679 719 713 785 ln
731 721 807 770 omni
833 738 861 769 re
887 721 951 788 plus
967 719 1090 772 adiru'u·

189 791 259 839 riam
271 799 297 838 et
307 791 507 839 contentionem
519 789 617 854 parati
628 797 702 849 sunt,
719 790 770 858 qui
778 804 869 838 minus
883 799 948 839 sunt
964 793 1091 859 experti:

190 869 217 907 et
229 859 370 926 proprium
387 858 541 924 imperitiae
555 865 603 916 est,
622 857 725 906 iniusta
740 855 922 925 pertinaciter
935 856 1089 927 defendere.

90 949 159 1016 104.
178 949 284 1008 Homo
311 948 365 1009 diu
387 943 527 1010 vivendo
551 944 665 1021 multa,
693 968 775 1030 quae
796 966 860 1008 non
880 944 966 1023 vuit,
992 946 1088 1011 videt.

189 1027 289 1084 Caecil.
308 1031 336 1080 in
352 1031 454 1080 Plotio.
481 1026 572 1078 Multis
588 1026 616 1075 in
630 1027 681 1078 vito
695 1029 777 1079 rebus
793 1025 977 1094 offenduntur,
991 1029 1036 1096 qui
1055 1028 1089 1079 nd

190 1106 303 1149 aetatem
320 1099 449 1164 grandem
472 1093 640 1165 perveniunt.

93 1197 162 1263 ¹⁰5·
182 1189 326 1247 Honesta
345 1186 429 1248 fama
452 1185 565 1248 melior
585 1186 719 1266 pecunia
738 1199 798 1252 est.

185 1269 207 1319 F.
224 1271 416 1337 manuscripto.
434 1268 536 1319 Melius
553 1284 609 1316 esse
627 1267 745 1331 bonum,
758 1286 840 1339 quom
855 1265 984 1329 divitem,
1006 1248 1090 1316 lione·

193 1346 273 1397 stum,
287 1353 369 1406 (sitnm
390 1338 576 1406 pecuniosum.

95 1425 162 1488 roh.
183 1426 290 1485 Homo
312 1445 397 1500 snm,
420 1423 547 1483 humani
569 1443 586 1482 a
606 1445 657 1486 me
680 1425 758 1486 nihil
780 1427 918 1489 alienum
937 1435 1031 1506 puto.

191 1507 300 1556 Terent.
318 1508 345 1556 in
358 1507 452 1555 Heaut.
468 1501 611 1572 Quicquid
625 1504 730 1557 hornini
744 1512 848 1559 evenire
863 1519 964 1577 potest,
980 1504 1012 1557 id
1024 1506 1090 1555 nh'e-

195 1589 259 1622 num
273 1589 291 1621 o
309 1573 443 1623 scistellus
459 1572 612 1635 existimer.

99 1683 169 1741 ¹⁰7·
190 1663 336 1740 Ignoscas
357 1660 425 1721 aliis
448 1662 567 1736 multa,
589 1660 647 1721 sed
666 1659 743 1721 nihil
757 1659 833 1724 tibi.

193 1743 215 1792 F.
233 1746 424 1810 manuscripto.
443 1743 510 1793 Cum
521 1743 641 1795 oliorum
652 1741 796 1792 erroribus
810 1741 956 1815 indulgeas
971 1743 1091 1814 alr'quid,

192 1810 221 1858 in
235 1820 261 1858 te
282 1811 338 1881 ipse
355 1813 392 1860 sis
410 1809 495 1862 iudex
514 1813 644 1863 severior.

97 1908 164 1972 ¹⁰6·
184 1900 278 1961 Insita
297 1899 388 1960 nohis
408 1901 510 1961 nostri
530 1902 642 1964 caritas
664 1911 714 1962 est
733 1899 892 1993 corporis

187 1982 227 2033 Ex
246 1982 352 2034 eodem.
378 1983 552 2036 Trochaieus.
584 1984 668 2034 Nemo
692 2000 749 2034 non
774 1998 819 2032 sut
841 1985 971 2053 corporis
988 1995 1092 2035 tratura
1174 1996 1180 2008 ‘

192 2064 286 2103 custos
304 2062 353 2101 est.

97 2159 165 2221 ¹09·
186 2141 323 2224 Imperia
345 2140 425 2201 dura
443 2141 540 2217 tolle,
560 2141 637 2225 quid
657 2142 760 2205 virtus
781 2135 866 2202 erit?

189 2226 291 2275 Seneca
304 2224 332 2272 in
346 2223 422 2274 Herc.
442 2222 557 2275 furente.
587 2225 684 2274 Virtus
706 2241 764 2274 non
786 2232 924 2288 spectatur
945 2219 1002 2270 nisi
1016 2221 1091 2287 peri·

188 2293 264 2343 cuh's.
291 2293 415 2343 Socrates
431 2291 529 2359 pedem
545 2292 657 2343 Athenis
674 2309 729 2343 non
747 2293 860 2353 extulit,
876 2289 985 2356 triginta
1003 2289 1091 2340 'Lace-

188 2361 391 2412 daemoniorum
407 2361 525 2426 tyrannis
542 2361 747 2429 imperantibus.

94 2449 164 2508 leo.
185 2443 293 2526 Iniqua
312 2465 473 2526 nunquam
492 2444 625 2526 imperia
645 2444 822 2506 retinentur
840 2440 904 2502 diu.

188 2524 263 2573 Idem
290 2525 317 2574 in
334 2524 482 2588 Thebaide,
507 2528 535 2575 in
556 2525 660 2578 Medea.
695 2527 725 2575 In
756 2525 864 2576 Troade
896 2523 997 2590 repetit
1024 2521 1092 2570 hane

189 2593 346 2644 sententiam
366 2593 451 2644 verbis
464 2594 598 2645 interdum
615 2593 737 2644 nonnihil
751 2595 864 2659 mutatis.
894 2592 944 2640 Res
968 2589 1092 2640 videlicet

193 2660 283 2721 docet,
302 2662 406 2711 nullum
418 2660 582 2712 dominatum
596 2663 724 2713 iniustum
739 2661 894 2711 diuturnum
912 2667 955 2709 aut
968 2658 1091 2708 stabilem

193 2729 282 2779 inisse.

95 2831 165 2878 ιιι.
186 2810 320 2894 imperia
341 2811 447 2892 pretio
469 2811 615 2896 quolibet
635 2819 778 2873 constant
800 2807 893 2872 hene.

193 2896 380 2961 Tyrannorum
400 2910 466 2945 vox:
486 2893 557 2962 apud
576 2893 715 2956 Senecam,
738 2891 870 2958 Polynicis
893 2892 920 2940 in
938 2889 1090 2952 Thebaide;

190 2961 262 3029 apud
278 2961 445 3028 Euripidem,
467 2962 585 3012 Eteoclis
611 2963 638 3010 in
658 2959 818 3010 Phoenissis.
855 2958 927 3009 Dum
954 2960 1091 3025 imperium

192 3029 300 3089 habeas,
317 3046 349 3077 ne
367 3046 505 3088 quaeras,
523 3047 579 3100 quo
601 3031 662 3079 iure
681 3025 788 3079 habens.
815 3027 847 3076 Si
866 3025 1029 3077 violandum
1051 3037 1092 3073 est

195 3101 250 3160 ius,
272 3095 414 3163 regnandi
423 3101 517 3161 gretie
538 3095 702 3149 violandum
717 3101 773 3146 esti
785 3105 815 3146 ut
833 3097 916 3146 lulius
930 3096 1028 3145 Caesar
1045 3109 1090 3142 so·

192 3168 257 3217 litus
275 3166 365 3216 dicere
383 3165 440 3215 suit.

94 3253 161 3299 ns.
183 3236 217 3293 ln
239 3232 428 3295 servitutem
450 3231 565 3293 cadere
586 3231 627 3300 de
649 3252 749 3314 regno
772 3251 869 3313 grave
895 3240 950 3288 est.

192 3315 294 3367 Seneca
310 3314 339 3362 in
356 3312 442 3363 Theb.
483 3313 512 3365 E
532 3312 641 3363 domino
663 3330 770 3364 cerrum
785 3311 860 3382 fieri
878 3308 1089 3362 acerbissimum.

187 3381 266 3434 Unde
286 3383 331 3433 illa
348 3383 458 3448 querela
476 3380 690 3434 Andromaches:
